<ENVELOPE>
 <HEADER>
  <TALLYREQUEST>Import Data</TALLYREQUEST>
 </HEADER>
 <BODY>
  <IMPORTDATA>
   <REQUESTDESC>
    <REPORTNAME>All Masters</REPORTNAME>
    <STATICVARIABLES>
     <SVCURRENTCOMPANY>Sample 0004</SVCURRENTCOMPANY>
    </STATICVARIABLES>
   </REQUESTDESC>
   <REQUESTDATA>
    <TALLYMESSAGE xmlns:UDF="TallyUDF">
     <VOUCHER REMOTEID="9987e5b6-c5a4-486f-8ce0-807a06d6dc8c-00000004" VCHKEY="9987e5b6-c5a4-486f-8ce0-807a06d6dc8c-0000ae71:00000008" VCHTYPE="Purchase" ACTION="Create" OBJVIEW="Accounting Voucher View">
      <ADDRESS.LIST TYPE="String">
       <ADDRESS>slfdknsdf</ADDRESS>
       <ADDRESS>slfdknsdf</ADDRESS>
       <ADDRESS>slfdknsdf</ADDRESS>
       <ADDRESS>slfdknsdf</ADDRESS>
      </ADDRESS.LIST>
      <BASICBUYERADDRESS.LIST TYPE="String">
       <BASICBUYERADDRESS>slfdknsdf</BASICBUYERADDRESS>
       <BASICBUYERADDRESS>slfdknsdf</BASICBUYERADDRESS>
       <BASICBUYERADDRESS>slfdknsdf</BASICBUYERADDRESS>
       <BASICBUYERADDRESS>slfdknsdf</BASICBUYERADDRESS>
      </BASICBUYERADDRESS.LIST>
      <OLDAUDITENTRYIDS.LIST TYPE="Number">
       <OLDAUDITENTRYIDS>-1</OLDAUDITENTRYIDS>
      </OLDAUDITENTRYIDS.LIST>
      <DATE>20220407</DATE>
      <REFERENCEDATE>20220208</REFERENCEDATE>
      <GUID>9987e5b6-c5a4-486f-8ce0-807a06d6dc8c-00000004</GUID>
      <STATENAME>Maharashtra</STATENAME>
      <GSTREGISTRATIONTYPE>Regular</GSTREGISTRATIONTYPE>
      <NARRATION>01/22-23</NARRATION>
      <COUNTRYOFRESIDENCE>India</COUNTRYOFRESIDENCE>
      <PARTYGSTIN>29AAACK4409J1ZG</PARTYGSTIN>
      <PARTYNAME>Society for Innovation</PARTYNAME>
      <VOUCHERTYPENAME>Purchase</VOUCHERTYPENAME>
      <REFERENCE>6875641-fgdf</REFERENCE>
      <VOUCHERNUMBER>1</VOUCHERNUMBER>
      <PARTYLEDGERNAME>Society for Innovation</PARTYLEDGERNAME>
      <BASICBASEPARTYNAME>Society for Innovation</BASICBASEPARTYNAME>
      <CSTFORMISSUETYPE/>
      <CSTFORMRECVTYPE/>
      <FBTPAYMENTTYPE>Default</FBTPAYMENTTYPE>
      <PERSISTEDVIEW>Accounting Voucher View</PERSISTEDVIEW>
      <BASICBUYERNAME>Sample 0004</BASICBUYERNAME>
      <BASICDATETIMEOFINVOICE>8-Apr-2022 at 13:25</BASICDATETIMEOFINVOICE>
      <BASICDATETIMEOFREMOVAL>8-Apr-2022 at 13:25</BASICDATETIMEOFREMOVAL>
      <VCHGSTCLASS/>
      <CONSIGNEESTATENAME>Maharashtra</CONSIGNEESTATENAME>
      <DIFFACTUALQTY>No</DIFFACTUALQTY>
      <ISMSTFROMSYNC>No</ISMSTFROMSYNC>
      <ASORIGINAL>No</ASORIGINAL>
      <AUDITED>No</AUDITED>
      <FORJOBCOSTING>No</FORJOBCOSTING>
      <ISOPTIONAL>No</ISOPTIONAL>
      <EFFECTIVEDATE>20220407</EFFECTIVEDATE>
      <USEFOREXCISE>No</USEFOREXCISE>
      <ISFORJOBWORKIN>No</ISFORJOBWORKIN>
      <ALLOWCONSUMPTION>No</ALLOWCONSUMPTION>
      <USEFORINTEREST>No</USEFORINTEREST>
      <USEFORGAINLOSS>No</USEFORGAINLOSS>
      <USEFORGODOWNTRANSFER>No</USEFORGODOWNTRANSFER>
      <USEFORCOMPOUND>No</USEFORCOMPOUND>
      <USEFORSERVICETAX>No</USEFORSERVICETAX>
      <ISEXCISEVOUCHER>No</ISEXCISEVOUCHER>
      <EXCISETAXOVERRIDE>No</EXCISETAXOVERRIDE>
      <USEFORTAXUNITTRANSFER>No</USEFORTAXUNITTRANSFER>
      <IGNOREPOSVALIDATION>No</IGNOREPOSVALIDATION>
      <EXCISEOPENING>No</EXCISEOPENING>
      <USEFORFINALPRODUCTION>No</USEFORFINALPRODUCTION>
      <ISTDSOVERRIDDEN>No</ISTDSOVERRIDDEN>
      <ISTCSOVERRIDDEN>No</ISTCSOVERRIDDEN>
      <ISTDSTCSCASHVCH>No</ISTDSTCSCASHVCH>
      <INCLUDEADVPYMTVCH>No</INCLUDEADVPYMTVCH>
      <ISSUBWORKSCONTRACT>No</ISSUBWORKSCONTRACT>
      <ISVATOVERRIDDEN>No</ISVATOVERRIDDEN>
      <IGNOREORIGVCHDATE>No</IGNOREORIGVCHDATE>
      <ISVATPAIDATCUSTOMS>No</ISVATPAIDATCUSTOMS>
      <ISDECLAREDTOCUSTOMS>No</ISDECLAREDTOCUSTOMS>
      <ISSERVICETAXOVERRIDDEN>No</ISSERVICETAXOVERRIDDEN>
      <ISISDVOUCHER>No</ISISDVOUCHER>
      <ISEXCISEOVERRIDDEN>No</ISEXCISEOVERRIDDEN>
      <ISEXCISESUPPLYVCH>No</ISEXCISESUPPLYVCH>
      <ISGSTOVERRIDDEN>No</ISGSTOVERRIDDEN>
      <GSTNOTEXPORTED>No</GSTNOTEXPORTED>
      <IGNOREGSTINVALIDATION>No</IGNOREGSTINVALIDATION>
      <ISVATPRINCIPALACCOUNT>No</ISVATPRINCIPALACCOUNT>
      <ISBOENOTAPPLICABLE>No</ISBOENOTAPPLICABLE>
      <ISSHIPPINGWITHINSTATE>No</ISSHIPPINGWITHINSTATE>
      <ISOVERSEASTOURISTTRANS>No</ISOVERSEASTOURISTTRANS>
      <ISDESIGNATEDZONEPARTY>No</ISDESIGNATEDZONEPARTY>
      <ISCANCELLED>No</ISCANCELLED>
      <HASCASHFLOW>No</HASCASHFLOW>
      <ISPOSTDATED>No</ISPOSTDATED>
      <USETRACKINGNUMBER>No</USETRACKINGNUMBER>
      <ISINVOICE>No</ISINVOICE>
      <MFGJOURNAL>No</MFGJOURNAL>
      <HASDISCOUNTS>No</HASDISCOUNTS>
      <ASPAYSLIP>No</ASPAYSLIP>
      <ISCOSTCENTRE>No</ISCOSTCENTRE>
      <ISSTXNONREALIZEDVCH>No</ISSTXNONREALIZEDVCH>
      <ISEXCISEMANUFACTURERON>Yes</ISEXCISEMANUFACTURERON>
      <ISBLANKCHEQUE>No</ISBLANKCHEQUE>
      <ISVOID>No</ISVOID>
      <ISONHOLD>No</ISONHOLD>
      <ORDERLINESTATUS>No</ORDERLINESTATUS>
      <VATISAGNSTCANCSALES>No</VATISAGNSTCANCSALES>
      <VATISPURCEXEMPTED>No</VATISPURCEXEMPTED>
      <ISVATRESTAXINVOICE>No</ISVATRESTAXINVOICE>
      <VATISASSESABLECALCVCH>No</VATISASSESABLECALCVCH>
      <ISVATDUTYPAID>Yes</ISVATDUTYPAID>
      <ISDELIVERYSAMEASCONSIGNEE>No</ISDELIVERYSAMEASCONSIGNEE>
      <ISDISPATCHSAMEASCONSIGNOR>No</ISDISPATCHSAMEASCONSIGNOR>
      <ISDELETED>No</ISDELETED>
      <CHANGEVCHMODE>No</CHANGEVCHMODE>
      <ALTERID> 4</ALTERID>
      <MASTERID> 4</MASTERID>
      <VOUCHERKEY>191800354537480</VOUCHERKEY>
      <EXCLUDEDTAXATIONS.LIST>      </EXCLUDEDTAXATIONS.LIST>
      <OLDAUDITENTRIES.LIST>      </OLDAUDITENTRIES.LIST>
      <ACCOUNTAUDITENTRIES.LIST>      </ACCOUNTAUDITENTRIES.LIST>
      <AUDITENTRIES.LIST>      </AUDITENTRIES.LIST>
      <DUTYHEADDETAILS.LIST>      </DUTYHEADDETAILS.LIST>
      <SUPPLEMENTARYDUTYHEADDETAILS.LIST>      </SUPPLEMENTARYDUTYHEADDETAILS.LIST>
      <EWAYBILLDETAILS.LIST>      </EWAYBILLDETAILS.LIST>
      <INVOICEDELNOTES.LIST>      </INVOICEDELNOTES.LIST>
      <INVOICEORDERLIST.LIST>      </INVOICEORDERLIST.LIST>
      <INVOICEINDENTLIST.LIST>      </INVOICEINDENTLIST.LIST>
      <ATTENDANCEENTRIES.LIST>      </ATTENDANCEENTRIES.LIST>
      <ORIGINVOICEDETAILS.LIST>      </ORIGINVOICEDETAILS.LIST>
      <INVOICEEXPORTLIST.LIST>      </INVOICEEXPORTLIST.LIST>
      <ALLLEDGERENTRIES.LIST>
       <OLDAUDITENTRYIDS.LIST TYPE="Number">
        <OLDAUDITENTRYIDS>-1</OLDAUDITENTRYIDS>
       </OLDAUDITENTRYIDS.LIST>
       <LEDGERNAME>Society for Innovation</LEDGERNAME>
       <GSTCLASS/>
       <ISDEEMEDPOSITIVE>No</ISDEEMEDPOSITIVE>
       <LEDGERFROMITEM>No</LEDGERFROMITEM>
       <REMOVEZEROENTRIES>No</REMOVEZEROENTRIES>
       <ISPARTYLEDGER>Yes</ISPARTYLEDGER>
       <ISLASTDEEMEDPOSITIVE>No</ISLASTDEEMEDPOSITIVE>
       <ISCAPVATTAXALTERED>No</ISCAPVATTAXALTERED>
       <ISCAPVATNOTCLAIMED>No</ISCAPVATNOTCLAIMED>
       <AMOUNT>48545.00</AMOUNT>
       <VATEXPAMOUNT>48545.00</VATEXPAMOUNT>
       <SERVICETAXDETAILS.LIST>       </SERVICETAXDETAILS.LIST>
       <BANKALLOCATIONS.LIST>       </BANKALLOCATIONS.LIST>
       <BILLALLOCATIONS.LIST>
        <NAME>15478</NAME>
        <BILLTYPE>New Ref</BILLTYPE>
        <TDSDEDUCTEEISSPECIALRATE>No</TDSDEDUCTEEISSPECIALRATE>
        <AMOUNT>48545.00</AMOUNT>
        <INTERESTCOLLECTION.LIST>        </INTERESTCOLLECTION.LIST>
        <STBILLCATEGORIES.LIST>        </STBILLCATEGORIES.LIST>
       </BILLALLOCATIONS.LIST>
       <INTERESTCOLLECTION.LIST>       </INTERESTCOLLECTION.LIST>
       <OLDAUDITENTRIES.LIST>       </OLDAUDITENTRIES.LIST>
       <ACCOUNTAUDITENTRIES.LIST>       </ACCOUNTAUDITENTRIES.LIST>
       <AUDITENTRIES.LIST>       </AUDITENTRIES.LIST>
       <INPUTCRALLOCS.LIST>       </INPUTCRALLOCS.LIST>
       <DUTYHEADDETAILS.LIST>       </DUTYHEADDETAILS.LIST>
       <EXCISEDUTYHEADDETAILS.LIST>       </EXCISEDUTYHEADDETAILS.LIST>
       <RATEDETAILS.LIST>       </RATEDETAILS.LIST>
       <SUMMARYALLOCS.LIST>       </SUMMARYALLOCS.LIST>
       <STPYMTDETAILS.LIST>       </STPYMTDETAILS.LIST>
       <EXCISEPAYMENTALLOCATIONS.LIST>       </EXCISEPAYMENTALLOCATIONS.LIST>
       <TAXBILLALLOCATIONS.LIST>       </TAXBILLALLOCATIONS.LIST>
       <TAXOBJECTALLOCATIONS.LIST>       </TAXOBJECTALLOCATIONS.LIST>
       <TDSEXPENSEALLOCATIONS.LIST>       </TDSEXPENSEALLOCATIONS.LIST>
       <VATSTATUTORYDETAILS.LIST>       </VATSTATUTORYDETAILS.LIST>
       <COSTTRACKALLOCATIONS.LIST>       </COSTTRACKALLOCATIONS.LIST>
       <REFVOUCHERDETAILS.LIST>       </REFVOUCHERDETAILS.LIST>
       <INVOICEWISEDETAILS.LIST>       </INVOICEWISEDETAILS.LIST>
       <VATITCDETAILS.LIST>       </VATITCDETAILS.LIST>
       <ADVANCETAXDETAILS.LIST>       </ADVANCETAXDETAILS.LIST>
      </ALLLEDGERENTRIES.LIST>
      <ALLLEDGERENTRIES.LIST>
       <OLDAUDITENTRYIDS.LIST TYPE="Number">
        <OLDAUDITENTRYIDS>-1</OLDAUDITENTRYIDS>
       </OLDAUDITENTRYIDS.LIST>
       <LEDGERNAME>Purchase</LEDGERNAME>
       <GSTCLASS/>
       <ISDEEMEDPOSITIVE>Yes</ISDEEMEDPOSITIVE>
       <LEDGERFROMITEM>No</LEDGERFROMITEM>
       <REMOVEZEROENTRIES>No</REMOVEZEROENTRIES>
       <ISPARTYLEDGER>No</ISPARTYLEDGER>
       <ISLASTDEEMEDPOSITIVE>Yes</ISLASTDEEMEDPOSITIVE>
       <ISCAPVATTAXALTERED>No</ISCAPVATTAXALTERED>
       <ISCAPVATNOTCLAIMED>No</ISCAPVATNOTCLAIMED>
       <AMOUNT>-41139.00</AMOUNT>
       <VATEXPAMOUNT>-41139.00</VATEXPAMOUNT>
       <SERVICETAXDETAILS.LIST>       </SERVICETAXDETAILS.LIST>
       <BANKALLOCATIONS.LIST>       </BANKALLOCATIONS.LIST>
       <BILLALLOCATIONS.LIST>       </BILLALLOCATIONS.LIST>
       <INTERESTCOLLECTION.LIST>       </INTERESTCOLLECTION.LIST>
       <OLDAUDITENTRIES.LIST>       </OLDAUDITENTRIES.LIST>
       <ACCOUNTAUDITENTRIES.LIST>       </ACCOUNTAUDITENTRIES.LIST>
       <AUDITENTRIES.LIST>       </AUDITENTRIES.LIST>
       <INPUTCRALLOCS.LIST>       </INPUTCRALLOCS.LIST>
       <DUTYHEADDETAILS.LIST>       </DUTYHEADDETAILS.LIST>
       <EXCISEDUTYHEADDETAILS.LIST>       </EXCISEDUTYHEADDETAILS.LIST>
       <RATEDETAILS.LIST>       </RATEDETAILS.LIST>
       <SUMMARYALLOCS.LIST>       </SUMMARYALLOCS.LIST>
       <STPYMTDETAILS.LIST>       </STPYMTDETAILS.LIST>
       <EXCISEPAYMENTALLOCATIONS.LIST>       </EXCISEPAYMENTALLOCATIONS.LIST>
       <TAXBILLALLOCATIONS.LIST>       </TAXBILLALLOCATIONS.LIST>
       <TAXOBJECTALLOCATIONS.LIST>       </TAXOBJECTALLOCATIONS.LIST>
       <TDSEXPENSEALLOCATIONS.LIST>       </TDSEXPENSEALLOCATIONS.LIST>
       <VATSTATUTORYDETAILS.LIST>       </VATSTATUTORYDETAILS.LIST>
       <COSTTRACKALLOCATIONS.LIST>       </COSTTRACKALLOCATIONS.LIST>
       <REFVOUCHERDETAILS.LIST>       </REFVOUCHERDETAILS.LIST>
       <INVOICEWISEDETAILS.LIST>       </INVOICEWISEDETAILS.LIST>
       <VATITCDETAILS.LIST>       </VATITCDETAILS.LIST>
       <ADVANCETAXDETAILS.LIST>       </ADVANCETAXDETAILS.LIST>
      </ALLLEDGERENTRIES.LIST>
      <ALLLEDGERENTRIES.LIST>
       <OLDAUDITENTRYIDS.LIST TYPE="Number">
        <OLDAUDITENTRYIDS>-1</OLDAUDITENTRYIDS>
       </OLDAUDITENTRYIDS.LIST>
       <LEDGERNAME>Input CGST @18%</LEDGERNAME>
       <GSTCLASS/>
       <ISDEEMEDPOSITIVE>Yes</ISDEEMEDPOSITIVE>
       <LEDGERFROMITEM>No</LEDGERFROMITEM>
       <REMOVEZEROENTRIES>No</REMOVEZEROENTRIES>
       <ISPARTYLEDGER>No</ISPARTYLEDGER>
       <ISLASTDEEMEDPOSITIVE>Yes</ISLASTDEEMEDPOSITIVE>
       <ISCAPVATTAXALTERED>No</ISCAPVATTAXALTERED>
       <ISCAPVATNOTCLAIMED>No</ISCAPVATNOTCLAIMED>
       <AMOUNT>-3703.00</AMOUNT>
       <VATEXPAMOUNT>-3703.00</VATEXPAMOUNT>
       <SERVICETAXDETAILS.LIST>       </SERVICETAXDETAILS.LIST>
       <BANKALLOCATIONS.LIST>       </BANKALLOCATIONS.LIST>
       <BILLALLOCATIONS.LIST>       </BILLALLOCATIONS.LIST>
       <INTERESTCOLLECTION.LIST>       </INTERESTCOLLECTION.LIST>
       <OLDAUDITENTRIES.LIST>       </OLDAUDITENTRIES.LIST>
       <ACCOUNTAUDITENTRIES.LIST>       </ACCOUNTAUDITENTRIES.LIST>
       <AUDITENTRIES.LIST>       </AUDITENTRIES.LIST>
       <INPUTCRALLOCS.LIST>       </INPUTCRALLOCS.LIST>
       <DUTYHEADDETAILS.LIST>       </DUTYHEADDETAILS.LIST>
       <EXCISEDUTYHEADDETAILS.LIST>       </EXCISEDUTYHEADDETAILS.LIST>
       <RATEDETAILS.LIST>       </RATEDETAILS.LIST>
       <SUMMARYALLOCS.LIST>       </SUMMARYALLOCS.LIST>
       <STPYMTDETAILS.LIST>       </STPYMTDETAILS.LIST>
       <EXCISEPAYMENTALLOCATIONS.LIST>       </EXCISEPAYMENTALLOCATIONS.LIST>
       <TAXBILLALLOCATIONS.LIST>       </TAXBILLALLOCATIONS.LIST>
       <TAXOBJECTALLOCATIONS.LIST>       </TAXOBJECTALLOCATIONS.LIST>
       <TDSEXPENSEALLOCATIONS.LIST>       </TDSEXPENSEALLOCATIONS.LIST>
       <VATSTATUTORYDETAILS.LIST>       </VATSTATUTORYDETAILS.LIST>
       <COSTTRACKALLOCATIONS.LIST>       </COSTTRACKALLOCATIONS.LIST>
       <REFVOUCHERDETAILS.LIST>       </REFVOUCHERDETAILS.LIST>
       <INVOICEWISEDETAILS.LIST>       </INVOICEWISEDETAILS.LIST>
       <VATITCDETAILS.LIST>       </VATITCDETAILS.LIST>
       <ADVANCETAXDETAILS.LIST>       </ADVANCETAXDETAILS.LIST>
      </ALLLEDGERENTRIES.LIST>
      <ALLLEDGERENTRIES.LIST>
       <OLDAUDITENTRYIDS.LIST TYPE="Number">
        <OLDAUDITENTRYIDS>-1</OLDAUDITENTRYIDS>
       </OLDAUDITENTRYIDS.LIST>
       <LEDGERNAME>Input SGST @18%</LEDGERNAME>
       <GSTCLASS/>
       <ISDEEMEDPOSITIVE>Yes</ISDEEMEDPOSITIVE>
       <LEDGERFROMITEM>No</LEDGERFROMITEM>
       <REMOVEZEROENTRIES>No</REMOVEZEROENTRIES>
       <ISPARTYLEDGER>No</ISPARTYLEDGER>
       <ISLASTDEEMEDPOSITIVE>Yes</ISLASTDEEMEDPOSITIVE>
       <ISCAPVATTAXALTERED>No</ISCAPVATTAXALTERED>
       <ISCAPVATNOTCLAIMED>No</ISCAPVATNOTCLAIMED>
       <AMOUNT>-3703.00</AMOUNT>
       <VATEXPAMOUNT>-3703.00</VATEXPAMOUNT>
       <SERVICETAXDETAILS.LIST>       </SERVICETAXDETAILS.LIST>
       <BANKALLOCATIONS.LIST>       </BANKALLOCATIONS.LIST>
       <BILLALLOCATIONS.LIST>       </BILLALLOCATIONS.LIST>
       <INTERESTCOLLECTION.LIST>       </INTERESTCOLLECTION.LIST>
       <OLDAUDITENTRIES.LIST>       </OLDAUDITENTRIES.LIST>
       <ACCOUNTAUDITENTRIES.LIST>       </ACCOUNTAUDITENTRIES.LIST>
       <AUDITENTRIES.LIST>       </AUDITENTRIES.LIST>
       <INPUTCRALLOCS.LIST>       </INPUTCRALLOCS.LIST>
       <DUTYHEADDETAILS.LIST>       </DUTYHEADDETAILS.LIST>
       <EXCISEDUTYHEADDETAILS.LIST>       </EXCISEDUTYHEADDETAILS.LIST>
       <RATEDETAILS.LIST>       </RATEDETAILS.LIST>
       <SUMMARYALLOCS.LIST>       </SUMMARYALLOCS.LIST>
       <STPYMTDETAILS.LIST>       </STPYMTDETAILS.LIST>
       <EXCISEPAYMENTALLOCATIONS.LIST>       </EXCISEPAYMENTALLOCATIONS.LIST>
       <TAXBILLALLOCATIONS.LIST>       </TAXBILLALLOCATIONS.LIST>
       <TAXOBJECTALLOCATIONS.LIST>       </TAXOBJECTALLOCATIONS.LIST>
       <TDSEXPENSEALLOCATIONS.LIST>       </TDSEXPENSEALLOCATIONS.LIST>
       <VATSTATUTORYDETAILS.LIST>       </VATSTATUTORYDETAILS.LIST>
       <COSTTRACKALLOCATIONS.LIST>       </COSTTRACKALLOCATIONS.LIST>
       <REFVOUCHERDETAILS.LIST>       </REFVOUCHERDETAILS.LIST>
       <INVOICEWISEDETAILS.LIST>       </INVOICEWISEDETAILS.LIST>
       <VATITCDETAILS.LIST>       </VATITCDETAILS.LIST>
       <ADVANCETAXDETAILS.LIST>       </ADVANCETAXDETAILS.LIST>
      </ALLLEDGERENTRIES.LIST>
      <PAYROLLMODEOFPAYMENT.LIST>      </PAYROLLMODEOFPAYMENT.LIST>
      <ATTDRECORDS.LIST>      </ATTDRECORDS.LIST>
      <GSTEWAYCONSIGNORADDRESS.LIST>      </GSTEWAYCONSIGNORADDRESS.LIST>
      <GSTEWAYCONSIGNEEADDRESS.LIST>      </GSTEWAYCONSIGNEEADDRESS.LIST>
      <TEMPGSTRATEDETAILS.LIST>      </TEMPGSTRATEDETAILS.LIST>
     </VOUCHER>
    </TALLYMESSAGE>
    <TALLYMESSAGE xmlns:UDF="TallyUDF">
     <VOUCHER REMOTEID="9987e5b6-c5a4-486f-8ce0-807a06d6dc8c-00000001" VCHKEY="9987e5b6-c5a4-486f-8ce0-807a06d6dc8c-0000ae72:00000008" VCHTYPE="Purchase" ACTION="Create" OBJVIEW="Accounting Voucher View">
      <ADDRESS.LIST TYPE="String">
       <ADDRESS>slfdknsdf</ADDRESS>
       <ADDRESS>slfdknsdf</ADDRESS>
       <ADDRESS>slfdknsdf</ADDRESS>
       <ADDRESS>slfdknsdf</ADDRESS>
      </ADDRESS.LIST>
      <OLDAUDITENTRYIDS.LIST TYPE="Number">
       <OLDAUDITENTRYIDS>-1</OLDAUDITENTRYIDS>
      </OLDAUDITENTRYIDS.LIST>
      <DATE>20220408</DATE>
      <REFERENCEDATE>20220205</REFERENCEDATE>
      <GUID>9987e5b6-c5a4-486f-8ce0-807a06d6dc8c-00000001</GUID>
      <STATENAME>Maharashtra</STATENAME>
      <NARRATION>05/22-23</NARRATION>
      <COUNTRYOFRESIDENCE>India</COUNTRYOFRESIDENCE>
      <PARTYGSTIN>29AAACK4409J1ZG</PARTYGSTIN>
      <PARTYNAME>Society for Innovation</PARTYNAME>
      <VOUCHERTYPENAME>Purchase</VOUCHERTYPENAME>
      <REFERENCE>15478</REFERENCE>
      <VOUCHERNUMBER>2</VOUCHERNUMBER>
      <PARTYLEDGERNAME>Society for Innovation</PARTYLEDGERNAME>
      <BASICBASEPARTYNAME>Society for Innovation</BASICBASEPARTYNAME>
      <CSTFORMISSUETYPE/>
      <CSTFORMRECVTYPE/>
      <FBTPAYMENTTYPE>Default</FBTPAYMENTTYPE>
      <PERSISTEDVIEW>Accounting Voucher View</PERSISTEDVIEW>
      <BASICBUYERNAME>Sample 0004</BASICBUYERNAME>
      <BASICDATETIMEOFINVOICE>8-Apr-2022 at 13:25</BASICDATETIMEOFINVOICE>
      <BASICDATETIMEOFREMOVAL>8-Apr-2022 at 13:25</BASICDATETIMEOFREMOVAL>
      <VCHGSTCLASS/>
      <DIFFACTUALQTY>No</DIFFACTUALQTY>
      <ISMSTFROMSYNC>No</ISMSTFROMSYNC>
      <ASORIGINAL>No</ASORIGINAL>
      <AUDITED>No</AUDITED>
      <FORJOBCOSTING>No</FORJOBCOSTING>
      <ISOPTIONAL>No</ISOPTIONAL>
      <EFFECTIVEDATE>20220408</EFFECTIVEDATE>
      <USEFOREXCISE>No</USEFOREXCISE>
      <ISFORJOBWORKIN>No</ISFORJOBWORKIN>
      <ALLOWCONSUMPTION>No</ALLOWCONSUMPTION>
      <USEFORINTEREST>No</USEFORINTEREST>
      <USEFORGAINLOSS>No</USEFORGAINLOSS>
      <USEFORGODOWNTRANSFER>No</USEFORGODOWNTRANSFER>
      <USEFORCOMPOUND>No</USEFORCOMPOUND>
      <USEFORSERVICETAX>No</USEFORSERVICETAX>
      <ISEXCISEVOUCHER>No</ISEXCISEVOUCHER>
      <EXCISETAXOVERRIDE>No</EXCISETAXOVERRIDE>
      <USEFORTAXUNITTRANSFER>No</USEFORTAXUNITTRANSFER>
      <IGNOREPOSVALIDATION>No</IGNOREPOSVALIDATION>
      <EXCISEOPENING>No</EXCISEOPENING>
      <USEFORFINALPRODUCTION>No</USEFORFINALPRODUCTION>
      <ISTDSOVERRIDDEN>No</ISTDSOVERRIDDEN>
      <ISTCSOVERRIDDEN>No</ISTCSOVERRIDDEN>
      <ISTDSTCSCASHVCH>No</ISTDSTCSCASHVCH>
      <INCLUDEADVPYMTVCH>No</INCLUDEADVPYMTVCH>
      <ISSUBWORKSCONTRACT>No</ISSUBWORKSCONTRACT>
      <ISVATOVERRIDDEN>No</ISVATOVERRIDDEN>
      <IGNOREORIGVCHDATE>No</IGNOREORIGVCHDATE>
      <ISVATPAIDATCUSTOMS>No</ISVATPAIDATCUSTOMS>
      <ISDECLAREDTOCUSTOMS>No</ISDECLAREDTOCUSTOMS>
      <ISSERVICETAXOVERRIDDEN>No</ISSERVICETAXOVERRIDDEN>
      <ISISDVOUCHER>No</ISISDVOUCHER>
      <ISEXCISEOVERRIDDEN>No</ISEXCISEOVERRIDDEN>
      <ISEXCISESUPPLYVCH>No</ISEXCISESUPPLYVCH>
      <ISGSTOVERRIDDEN>No</ISGSTOVERRIDDEN>
      <GSTNOTEXPORTED>No</GSTNOTEXPORTED>
      <IGNOREGSTINVALIDATION>No</IGNOREGSTINVALIDATION>
      <ISVATPRINCIPALACCOUNT>No</ISVATPRINCIPALACCOUNT>
      <ISBOENOTAPPLICABLE>No</ISBOENOTAPPLICABLE>
      <ISSHIPPINGWITHINSTATE>No</ISSHIPPINGWITHINSTATE>
      <ISOVERSEASTOURISTTRANS>No</ISOVERSEASTOURISTTRANS>
      <ISDESIGNATEDZONEPARTY>No</ISDESIGNATEDZONEPARTY>
      <ISCANCELLED>No</ISCANCELLED>
      <HASCASHFLOW>No</HASCASHFLOW>
      <ISPOSTDATED>No</ISPOSTDATED>
      <USETRACKINGNUMBER>No</USETRACKINGNUMBER>
      <ISINVOICE>No</ISINVOICE>
      <MFGJOURNAL>No</MFGJOURNAL>
      <HASDISCOUNTS>No</HASDISCOUNTS>
      <ASPAYSLIP>No</ASPAYSLIP>
      <ISCOSTCENTRE>No</ISCOSTCENTRE>
      <ISSTXNONREALIZEDVCH>No</ISSTXNONREALIZEDVCH>
      <ISEXCISEMANUFACTURERON>Yes</ISEXCISEMANUFACTURERON>
      <ISBLANKCHEQUE>No</ISBLANKCHEQUE>
      <ISVOID>No</ISVOID>
      <ISONHOLD>No</ISONHOLD>
      <ORDERLINESTATUS>No</ORDERLINESTATUS>
      <VATISAGNSTCANCSALES>No</VATISAGNSTCANCSALES>
      <VATISPURCEXEMPTED>No</VATISPURCEXEMPTED>
      <ISVATRESTAXINVOICE>No</ISVATRESTAXINVOICE>
      <VATISASSESABLECALCVCH>No</VATISASSESABLECALCVCH>
      <ISVATDUTYPAID>Yes</ISVATDUTYPAID>
      <ISDELIVERYSAMEASCONSIGNEE>No</ISDELIVERYSAMEASCONSIGNEE>
      <ISDISPATCHSAMEASCONSIGNOR>No</ISDISPATCHSAMEASCONSIGNOR>
      <ISDELETED>No</ISDELETED>
      <CHANGEVCHMODE>No</CHANGEVCHMODE>
      <ALTERID> 1</ALTERID>
      <MASTERID> 1</MASTERID>
      <VOUCHERKEY>191804649504776</VOUCHERKEY>
      <EXCLUDEDTAXATIONS.LIST>      </EXCLUDEDTAXATIONS.LIST>
      <OLDAUDITENTRIES.LIST>      </OLDAUDITENTRIES.LIST>
      <ACCOUNTAUDITENTRIES.LIST>      </ACCOUNTAUDITENTRIES.LIST>
      <AUDITENTRIES.LIST>      </AUDITENTRIES.LIST>
      <DUTYHEADDETAILS.LIST>      </DUTYHEADDETAILS.LIST>
      <SUPPLEMENTARYDUTYHEADDETAILS.LIST>      </SUPPLEMENTARYDUTYHEADDETAILS.LIST>
      <EWAYBILLDETAILS.LIST>      </EWAYBILLDETAILS.LIST>
      <INVOICEDELNOTES.LIST>      </INVOICEDELNOTES.LIST>
      <INVOICEORDERLIST.LIST>      </INVOICEORDERLIST.LIST>
      <INVOICEINDENTLIST.LIST>      </INVOICEINDENTLIST.LIST>
      <ATTENDANCEENTRIES.LIST>      </ATTENDANCEENTRIES.LIST>
      <ORIGINVOICEDETAILS.LIST>      </ORIGINVOICEDETAILS.LIST>
      <INVOICEEXPORTLIST.LIST>      </INVOICEEXPORTLIST.LIST>
      <ALLLEDGERENTRIES.LIST>
       <OLDAUDITENTRYIDS.LIST TYPE="Number">
        <OLDAUDITENTRYIDS>-1</OLDAUDITENTRYIDS>
       </OLDAUDITENTRYIDS.LIST>
       <LEDGERNAME>Society for Innovation</LEDGERNAME>
       <GSTCLASS/>
       <ISDEEMEDPOSITIVE>No</ISDEEMEDPOSITIVE>
       <LEDGERFROMITEM>No</LEDGERFROMITEM>
       <REMOVEZEROENTRIES>No</REMOVEZEROENTRIES>
       <ISPARTYLEDGER>Yes</ISPARTYLEDGER>
       <ISLASTDEEMEDPOSITIVE>No</ISLASTDEEMEDPOSITIVE>
       <ISCAPVATTAXALTERED>No</ISCAPVATTAXALTERED>
       <ISCAPVATNOTCLAIMED>No</ISCAPVATNOTCLAIMED>
       <AMOUNT>8260.00</AMOUNT>
       <VATEXPAMOUNT>8260.00</VATEXPAMOUNT>
       <SERVICETAXDETAILS.LIST>       </SERVICETAXDETAILS.LIST>
       <BANKALLOCATIONS.LIST>       </BANKALLOCATIONS.LIST>
       <BILLALLOCATIONS.LIST>
        <NAME>15478</NAME>
        <BILLTYPE>Agst Ref</BILLTYPE>
        <TDSDEDUCTEEISSPECIALRATE>No</TDSDEDUCTEEISSPECIALRATE>
        <AMOUNT>8260.00</AMOUNT>
        <INTERESTCOLLECTION.LIST>        </INTERESTCOLLECTION.LIST>
        <STBILLCATEGORIES.LIST>        </STBILLCATEGORIES.LIST>
       </BILLALLOCATIONS.LIST>
       <INTERESTCOLLECTION.LIST>       </INTERESTCOLLECTION.LIST>
       <OLDAUDITENTRIES.LIST>       </OLDAUDITENTRIES.LIST>
       <ACCOUNTAUDITENTRIES.LIST>       </ACCOUNTAUDITENTRIES.LIST>
       <AUDITENTRIES.LIST>       </AUDITENTRIES.LIST>
       <INPUTCRALLOCS.LIST>       </INPUTCRALLOCS.LIST>
       <DUTYHEADDETAILS.LIST>       </DUTYHEADDETAILS.LIST>
       <EXCISEDUTYHEADDETAILS.LIST>       </EXCISEDUTYHEADDETAILS.LIST>
       <RATEDETAILS.LIST>       </RATEDETAILS.LIST>
       <SUMMARYALLOCS.LIST>       </SUMMARYALLOCS.LIST>
       <STPYMTDETAILS.LIST>       </STPYMTDETAILS.LIST>
       <EXCISEPAYMENTALLOCATIONS.LIST>       </EXCISEPAYMENTALLOCATIONS.LIST>
       <TAXBILLALLOCATIONS.LIST>       </TAXBILLALLOCATIONS.LIST>
       <TAXOBJECTALLOCATIONS.LIST>       </TAXOBJECTALLOCATIONS.LIST>
       <TDSEXPENSEALLOCATIONS.LIST>       </TDSEXPENSEALLOCATIONS.LIST>
       <VATSTATUTORYDETAILS.LIST>       </VATSTATUTORYDETAILS.LIST>
       <COSTTRACKALLOCATIONS.LIST>       </COSTTRACKALLOCATIONS.LIST>
       <REFVOUCHERDETAILS.LIST>       </REFVOUCHERDETAILS.LIST>
       <INVOICEWISEDETAILS.LIST>       </INVOICEWISEDETAILS.LIST>
       <VATITCDETAILS.LIST>       </VATITCDETAILS.LIST>
       <ADVANCETAXDETAILS.LIST>       </ADVANCETAXDETAILS.LIST>
      </ALLLEDGERENTRIES.LIST>
      <ALLLEDGERENTRIES.LIST>
       <OLDAUDITENTRYIDS.LIST TYPE="Number">
        <OLDAUDITENTRYIDS>-1</OLDAUDITENTRYIDS>
       </OLDAUDITENTRYIDS.LIST>
       <LEDGERNAME>Purchase</LEDGERNAME>
       <GSTCLASS/>
       <ISDEEMEDPOSITIVE>Yes</ISDEEMEDPOSITIVE>
       <LEDGERFROMITEM>No</LEDGERFROMITEM>
       <REMOVEZEROENTRIES>No</REMOVEZEROENTRIES>
       <ISPARTYLEDGER>No</ISPARTYLEDGER>
       <ISLASTDEEMEDPOSITIVE>Yes</ISLASTDEEMEDPOSITIVE>
       <ISCAPVATTAXALTERED>No</ISCAPVATTAXALTERED>
       <ISCAPVATNOTCLAIMED>No</ISCAPVATNOTCLAIMED>
       <AMOUNT>-7000.00</AMOUNT>
       <VATEXPAMOUNT>-7000.00</VATEXPAMOUNT>
       <SERVICETAXDETAILS.LIST>       </SERVICETAXDETAILS.LIST>
       <BANKALLOCATIONS.LIST>       </BANKALLOCATIONS.LIST>
       <BILLALLOCATIONS.LIST>       </BILLALLOCATIONS.LIST>
       <INTERESTCOLLECTION.LIST>       </INTERESTCOLLECTION.LIST>
       <OLDAUDITENTRIES.LIST>       </OLDAUDITENTRIES.LIST>
       <ACCOUNTAUDITENTRIES.LIST>       </ACCOUNTAUDITENTRIES.LIST>
       <AUDITENTRIES.LIST>       </AUDITENTRIES.LIST>
       <INPUTCRALLOCS.LIST>       </INPUTCRALLOCS.LIST>
       <DUTYHEADDETAILS.LIST>       </DUTYHEADDETAILS.LIST>
       <EXCISEDUTYHEADDETAILS.LIST>       </EXCISEDUTYHEADDETAILS.LIST>
       <RATEDETAILS.LIST>       </RATEDETAILS.LIST>
       <SUMMARYALLOCS.LIST>       </SUMMARYALLOCS.LIST>
       <STPYMTDETAILS.LIST>       </STPYMTDETAILS.LIST>
       <EXCISEPAYMENTALLOCATIONS.LIST>       </EXCISEPAYMENTALLOCATIONS.LIST>
       <TAXBILLALLOCATIONS.LIST>       </TAXBILLALLOCATIONS.LIST>
       <TAXOBJECTALLOCATIONS.LIST>       </TAXOBJECTALLOCATIONS.LIST>
       <TDSEXPENSEALLOCATIONS.LIST>       </TDSEXPENSEALLOCATIONS.LIST>
       <VATSTATUTORYDETAILS.LIST>       </VATSTATUTORYDETAILS.LIST>
       <COSTTRACKALLOCATIONS.LIST>       </COSTTRACKALLOCATIONS.LIST>
       <REFVOUCHERDETAILS.LIST>       </REFVOUCHERDETAILS.LIST>
       <INVOICEWISEDETAILS.LIST>       </INVOICEWISEDETAILS.LIST>
       <VATITCDETAILS.LIST>       </VATITCDETAILS.LIST>
       <ADVANCETAXDETAILS.LIST>       </ADVANCETAXDETAILS.LIST>
      </ALLLEDGERENTRIES.LIST>
      <ALLLEDGERENTRIES.LIST>
       <OLDAUDITENTRYIDS.LIST TYPE="Number">
        <OLDAUDITENTRYIDS>-1</OLDAUDITENTRYIDS>
       </OLDAUDITENTRYIDS.LIST>
       <LEDGERNAME>Input CGST @18%</LEDGERNAME>
       <GSTCLASS/>
       <ISDEEMEDPOSITIVE>Yes</ISDEEMEDPOSITIVE>
       <LEDGERFROMITEM>No</LEDGERFROMITEM>
       <REMOVEZEROENTRIES>No</REMOVEZEROENTRIES>
       <ISPARTYLEDGER>No</ISPARTYLEDGER>
       <ISLASTDEEMEDPOSITIVE>Yes</ISLASTDEEMEDPOSITIVE>
       <ISCAPVATTAXALTERED>No</ISCAPVATTAXALTERED>
       <ISCAPVATNOTCLAIMED>No</ISCAPVATNOTCLAIMED>
       <AMOUNT>-630.00</AMOUNT>
       <VATEXPAMOUNT>-630.00</VATEXPAMOUNT>
       <SERVICETAXDETAILS.LIST>       </SERVICETAXDETAILS.LIST>
       <BANKALLOCATIONS.LIST>       </BANKALLOCATIONS.LIST>
       <BILLALLOCATIONS.LIST>       </BILLALLOCATIONS.LIST>
       <INTERESTCOLLECTION.LIST>       </INTERESTCOLLECTION.LIST>
       <OLDAUDITENTRIES.LIST>       </OLDAUDITENTRIES.LIST>
       <ACCOUNTAUDITENTRIES.LIST>       </ACCOUNTAUDITENTRIES.LIST>
       <AUDITENTRIES.LIST>       </AUDITENTRIES.LIST>
       <INPUTCRALLOCS.LIST>       </INPUTCRALLOCS.LIST>
       <DUTYHEADDETAILS.LIST>       </DUTYHEADDETAILS.LIST>
       <EXCISEDUTYHEADDETAILS.LIST>       </EXCISEDUTYHEADDETAILS.LIST>
       <RATEDETAILS.LIST>       </RATEDETAILS.LIST>
       <SUMMARYALLOCS.LIST>       </SUMMARYALLOCS.LIST>
       <STPYMTDETAILS.LIST>       </STPYMTDETAILS.LIST>
       <EXCISEPAYMENTALLOCATIONS.LIST>       </EXCISEPAYMENTALLOCATIONS.LIST>
       <TAXBILLALLOCATIONS.LIST>       </TAXBILLALLOCATIONS.LIST>
       <TAXOBJECTALLOCATIONS.LIST>       </TAXOBJECTALLOCATIONS.LIST>
       <TDSEXPENSEALLOCATIONS.LIST>       </TDSEXPENSEALLOCATIONS.LIST>
       <VATSTATUTORYDETAILS.LIST>       </VATSTATUTORYDETAILS.LIST>
       <COSTTRACKALLOCATIONS.LIST>       </COSTTRACKALLOCATIONS.LIST>
       <REFVOUCHERDETAILS.LIST>       </REFVOUCHERDETAILS.LIST>
       <INVOICEWISEDETAILS.LIST>       </INVOICEWISEDETAILS.LIST>
       <VATITCDETAILS.LIST>       </VATITCDETAILS.LIST>
       <ADVANCETAXDETAILS.LIST>       </ADVANCETAXDETAILS.LIST>
      </ALLLEDGERENTRIES.LIST>
      <ALLLEDGERENTRIES.LIST>
       <OLDAUDITENTRYIDS.LIST TYPE="Number">
        <OLDAUDITENTRYIDS>-1</OLDAUDITENTRYIDS>
       </OLDAUDITENTRYIDS.LIST>
       <LEDGERNAME>Input SGST @18%</LEDGERNAME>
       <GSTCLASS/>
       <ISDEEMEDPOSITIVE>Yes</ISDEEMEDPOSITIVE>
       <LEDGERFROMITEM>No</LEDGERFROMITEM>
       <REMOVEZEROENTRIES>No</REMOVEZEROENTRIES>
       <ISPARTYLEDGER>No</ISPARTYLEDGER>
       <ISLASTDEEMEDPOSITIVE>Yes</ISLASTDEEMEDPOSITIVE>
       <ISCAPVATTAXALTERED>No</ISCAPVATTAXALTERED>
       <ISCAPVATNOTCLAIMED>No</ISCAPVATNOTCLAIMED>
       <AMOUNT>-630.00</AMOUNT>
       <VATEXPAMOUNT>-630.00</VATEXPAMOUNT>
       <SERVICETAXDETAILS.LIST>       </SERVICETAXDETAILS.LIST>
       <BANKALLOCATIONS.LIST>       </BANKALLOCATIONS.LIST>
       <BILLALLOCATIONS.LIST>       </BILLALLOCATIONS.LIST>
       <INTERESTCOLLECTION.LIST>       </INTERESTCOLLECTION.LIST>
       <OLDAUDITENTRIES.LIST>       </OLDAUDITENTRIES.LIST>
       <ACCOUNTAUDITENTRIES.LIST>       </ACCOUNTAUDITENTRIES.LIST>
       <AUDITENTRIES.LIST>       </AUDITENTRIES.LIST>
       <INPUTCRALLOCS.LIST>       </INPUTCRALLOCS.LIST>
       <DUTYHEADDETAILS.LIST>       </DUTYHEADDETAILS.LIST>
       <EXCISEDUTYHEADDETAILS.LIST>       </EXCISEDUTYHEADDETAILS.LIST>
       <RATEDETAILS.LIST>       </RATEDETAILS.LIST>
       <SUMMARYALLOCS.LIST>       </SUMMARYALLOCS.LIST>
       <STPYMTDETAILS.LIST>       </STPYMTDETAILS.LIST>
       <EXCISEPAYMENTALLOCATIONS.LIST>       </EXCISEPAYMENTALLOCATIONS.LIST>
       <TAXBILLALLOCATIONS.LIST>       </TAXBILLALLOCATIONS.LIST>
       <TAXOBJECTALLOCATIONS.LIST>       </TAXOBJECTALLOCATIONS.LIST>
       <TDSEXPENSEALLOCATIONS.LIST>       </TDSEXPENSEALLOCATIONS.LIST>
       <VATSTATUTORYDETAILS.LIST>       </VATSTATUTORYDETAILS.LIST>
       <COSTTRACKALLOCATIONS.LIST>       </COSTTRACKALLOCATIONS.LIST>
       <REFVOUCHERDETAILS.LIST>       </REFVOUCHERDETAILS.LIST>
       <INVOICEWISEDETAILS.LIST>       </INVOICEWISEDETAILS.LIST>
       <VATITCDETAILS.LIST>       </VATITCDETAILS.LIST>
       <ADVANCETAXDETAILS.LIST>       </ADVANCETAXDETAILS.LIST>
      </ALLLEDGERENTRIES.LIST>
      <PAYROLLMODEOFPAYMENT.LIST>      </PAYROLLMODEOFPAYMENT.LIST>
      <ATTDRECORDS.LIST>      </ATTDRECORDS.LIST>
      <GSTEWAYCONSIGNORADDRESS.LIST>      </GSTEWAYCONSIGNORADDRESS.LIST>
      <GSTEWAYCONSIGNEEADDRESS.LIST>      </GSTEWAYCONSIGNEEADDRESS.LIST>
      <TEMPGSTRATEDETAILS.LIST>      </TEMPGSTRATEDETAILS.LIST>
     </VOUCHER>
    </TALLYMESSAGE>
    <TALLYMESSAGE xmlns:UDF="TallyUDF">
     <VOUCHER REMOTEID="9987e5b6-c5a4-486f-8ce0-807a06d6dc8c-00000002" VCHKEY="9987e5b6-c5a4-486f-8ce0-807a06d6dc8c-0000ae73:00000008" VCHTYPE="Purchase" ACTION="Create" OBJVIEW="Accounting Voucher View">
      <ADDRESS.LIST TYPE="String">
       <ADDRESS>slfdknsdf</ADDRESS>
       <ADDRESS>slfdknsdf</ADDRESS>
       <ADDRESS>slfdknsdf</ADDRESS>
       <ADDRESS>slfdknsdf</ADDRESS>
      </ADDRESS.LIST>
      <BASICBUYERADDRESS.LIST TYPE="String">
       <BASICBUYERADDRESS>slfdknsdf</BASICBUYERADDRESS>
       <BASICBUYERADDRESS>slfdknsdf</BASICBUYERADDRESS>
       <BASICBUYERADDRESS>slfdknsdf</BASICBUYERADDRESS>
       <BASICBUYERADDRESS>slfdknsdf</BASICBUYERADDRESS>
      </BASICBUYERADDRESS.LIST>
      <OLDAUDITENTRYIDS.LIST TYPE="Number">
       <OLDAUDITENTRYIDS>-1</OLDAUDITENTRYIDS>
      </OLDAUDITENTRYIDS.LIST>
      <DATE>20220409</DATE>
      <REFERENCEDATE>20220206</REFERENCEDATE>
      <GUID>9987e5b6-c5a4-486f-8ce0-807a06d6dc8c-00000002</GUID>
      <STATENAME>Maharashtra</STATENAME>
      <GSTREGISTRATIONTYPE>Regular</GSTREGISTRATIONTYPE>
      <NARRATION>06/22-23</NARRATION>
      <COUNTRYOFRESIDENCE>India</COUNTRYOFRESIDENCE>
      <PARTYGSTIN>29AAACK4409J1ZG</PARTYGSTIN>
      <PARTYNAME>Society for Innovation</PARTYNAME>
      <VOUCHERTYPENAME>Purchase</VOUCHERTYPENAME>
      <REFERENCE>68465/dfg45</REFERENCE>
      <VOUCHERNUMBER>3</VOUCHERNUMBER>
      <PARTYLEDGERNAME>Society for Innovation</PARTYLEDGERNAME>
      <BASICBASEPARTYNAME>Society for Innovation</BASICBASEPARTYNAME>
      <CSTFORMISSUETYPE/>
      <CSTFORMRECVTYPE/>
      <FBTPAYMENTTYPE>Default</FBTPAYMENTTYPE>
      <PERSISTEDVIEW>Accounting Voucher View</PERSISTEDVIEW>
      <BASICBUYERNAME>Sample 0004</BASICBUYERNAME>
      <BASICDATETIMEOFINVOICE>8-Apr-2022 at 13:25</BASICDATETIMEOFINVOICE>
      <BASICDATETIMEOFREMOVAL>8-Apr-2022 at 13:25</BASICDATETIMEOFREMOVAL>
      <VCHGSTCLASS/>
      <CONSIGNEESTATENAME>Maharashtra</CONSIGNEESTATENAME>
      <DIFFACTUALQTY>No</DIFFACTUALQTY>
      <ISMSTFROMSYNC>No</ISMSTFROMSYNC>
      <ASORIGINAL>No</ASORIGINAL>
      <AUDITED>No</AUDITED>
      <FORJOBCOSTING>No</FORJOBCOSTING>
      <ISOPTIONAL>No</ISOPTIONAL>
      <EFFECTIVEDATE>20220409</EFFECTIVEDATE>
      <USEFOREXCISE>No</USEFOREXCISE>
      <ISFORJOBWORKIN>No</ISFORJOBWORKIN>
      <ALLOWCONSUMPTION>No</ALLOWCONSUMPTION>
      <USEFORINTEREST>No</USEFORINTEREST>
      <USEFORGAINLOSS>No</USEFORGAINLOSS>
      <USEFORGODOWNTRANSFER>No</USEFORGODOWNTRANSFER>
      <USEFORCOMPOUND>No</USEFORCOMPOUND>
      <USEFORSERVICETAX>No</USEFORSERVICETAX>
      <ISEXCISEVOUCHER>No</ISEXCISEVOUCHER>
      <EXCISETAXOVERRIDE>No</EXCISETAXOVERRIDE>
      <USEFORTAXUNITTRANSFER>No</USEFORTAXUNITTRANSFER>
      <IGNOREPOSVALIDATION>No</IGNOREPOSVALIDATION>
      <EXCISEOPENING>No</EXCISEOPENING>
      <USEFORFINALPRODUCTION>No</USEFORFINALPRODUCTION>
      <ISTDSOVERRIDDEN>No</ISTDSOVERRIDDEN>
      <ISTCSOVERRIDDEN>No</ISTCSOVERRIDDEN>
      <ISTDSTCSCASHVCH>No</ISTDSTCSCASHVCH>
      <INCLUDEADVPYMTVCH>No</INCLUDEADVPYMTVCH>
      <ISSUBWORKSCONTRACT>No</ISSUBWORKSCONTRACT>
      <ISVATOVERRIDDEN>No</ISVATOVERRIDDEN>
      <IGNOREORIGVCHDATE>No</IGNOREORIGVCHDATE>
      <ISVATPAIDATCUSTOMS>No</ISVATPAIDATCUSTOMS>
      <ISDECLAREDTOCUSTOMS>No</ISDECLAREDTOCUSTOMS>
      <ISSERVICETAXOVERRIDDEN>No</ISSERVICETAXOVERRIDDEN>
      <ISISDVOUCHER>No</ISISDVOUCHER>
      <ISEXCISEOVERRIDDEN>No</ISEXCISEOVERRIDDEN>
      <ISEXCISESUPPLYVCH>No</ISEXCISESUPPLYVCH>
      <ISGSTOVERRIDDEN>No</ISGSTOVERRIDDEN>
      <GSTNOTEXPORTED>No</GSTNOTEXPORTED>
      <IGNOREGSTINVALIDATION>No</IGNOREGSTINVALIDATION>
      <ISVATPRINCIPALACCOUNT>No</ISVATPRINCIPALACCOUNT>
      <ISBOENOTAPPLICABLE>No</ISBOENOTAPPLICABLE>
      <ISSHIPPINGWITHINSTATE>No</ISSHIPPINGWITHINSTATE>
      <ISOVERSEASTOURISTTRANS>No</ISOVERSEASTOURISTTRANS>
      <ISDESIGNATEDZONEPARTY>No</ISDESIGNATEDZONEPARTY>
      <ISCANCELLED>No</ISCANCELLED>
      <HASCASHFLOW>No</HASCASHFLOW>
      <ISPOSTDATED>No</ISPOSTDATED>
      <USETRACKINGNUMBER>No</USETRACKINGNUMBER>
      <ISINVOICE>No</ISINVOICE>
      <MFGJOURNAL>No</MFGJOURNAL>
      <HASDISCOUNTS>No</HASDISCOUNTS>
      <ASPAYSLIP>No</ASPAYSLIP>
      <ISCOSTCENTRE>No</ISCOSTCENTRE>
      <ISSTXNONREALIZEDVCH>No</ISSTXNONREALIZEDVCH>
      <ISEXCISEMANUFACTURERON>Yes</ISEXCISEMANUFACTURERON>
      <ISBLANKCHEQUE>No</ISBLANKCHEQUE>
      <ISVOID>No</ISVOID>
      <ISONHOLD>No</ISONHOLD>
      <ORDERLINESTATUS>No</ORDERLINESTATUS>
      <VATISAGNSTCANCSALES>No</VATISAGNSTCANCSALES>
      <VATISPURCEXEMPTED>No</VATISPURCEXEMPTED>
      <ISVATRESTAXINVOICE>No</ISVATRESTAXINVOICE>
      <VATISASSESABLECALCVCH>No</VATISASSESABLECALCVCH>
      <ISVATDUTYPAID>Yes</ISVATDUTYPAID>
      <ISDELIVERYSAMEASCONSIGNEE>No</ISDELIVERYSAMEASCONSIGNEE>
      <ISDISPATCHSAMEASCONSIGNOR>No</ISDISPATCHSAMEASCONSIGNOR>
      <ISDELETED>No</ISDELETED>
      <CHANGEVCHMODE>No</CHANGEVCHMODE>
      <ALTERID> 2</ALTERID>
      <MASTERID> 2</MASTERID>
      <VOUCHERKEY>191808944472072</VOUCHERKEY>
      <EXCLUDEDTAXATIONS.LIST>      </EXCLUDEDTAXATIONS.LIST>
      <OLDAUDITENTRIES.LIST>      </OLDAUDITENTRIES.LIST>
      <ACCOUNTAUDITENTRIES.LIST>      </ACCOUNTAUDITENTRIES.LIST>
      <AUDITENTRIES.LIST>      </AUDITENTRIES.LIST>
      <DUTYHEADDETAILS.LIST>      </DUTYHEADDETAILS.LIST>
      <SUPPLEMENTARYDUTYHEADDETAILS.LIST>      </SUPPLEMENTARYDUTYHEADDETAILS.LIST>
      <EWAYBILLDETAILS.LIST>      </EWAYBILLDETAILS.LIST>
      <INVOICEDELNOTES.LIST>      </INVOICEDELNOTES.LIST>
      <INVOICEORDERLIST.LIST>      </INVOICEORDERLIST.LIST>
      <INVOICEINDENTLIST.LIST>      </INVOICEINDENTLIST.LIST>
      <ATTENDANCEENTRIES.LIST>      </ATTENDANCEENTRIES.LIST>
      <ORIGINVOICEDETAILS.LIST>      </ORIGINVOICEDETAILS.LIST>
      <INVOICEEXPORTLIST.LIST>      </INVOICEEXPORTLIST.LIST>
      <ALLLEDGERENTRIES.LIST>
       <OLDAUDITENTRYIDS.LIST TYPE="Number">
        <OLDAUDITENTRYIDS>-1</OLDAUDITENTRYIDS>
       </OLDAUDITENTRYIDS.LIST>
       <LEDGERNAME>Society for Innovation</LEDGERNAME>
       <GSTCLASS/>
       <ISDEEMEDPOSITIVE>No</ISDEEMEDPOSITIVE>
       <LEDGERFROMITEM>No</LEDGERFROMITEM>
       <REMOVEZEROENTRIES>No</REMOVEZEROENTRIES>
       <ISPARTYLEDGER>Yes</ISPARTYLEDGER>
       <ISLASTDEEMEDPOSITIVE>No</ISLASTDEEMEDPOSITIVE>
       <ISCAPVATTAXALTERED>No</ISCAPVATTAXALTERED>
       <ISCAPVATNOTCLAIMED>No</ISCAPVATNOTCLAIMED>
       <AMOUNT>252520.00</AMOUNT>
       <VATEXPAMOUNT>252520.00</VATEXPAMOUNT>
       <SERVICETAXDETAILS.LIST>       </SERVICETAXDETAILS.LIST>
       <BANKALLOCATIONS.LIST>       </BANKALLOCATIONS.LIST>
       <BILLALLOCATIONS.LIST>
        <NAME>15478</NAME>
        <BILLTYPE>Agst Ref</BILLTYPE>
        <TDSDEDUCTEEISSPECIALRATE>No</TDSDEDUCTEEISSPECIALRATE>
        <AMOUNT>252520.00</AMOUNT>
        <INTERESTCOLLECTION.LIST>        </INTERESTCOLLECTION.LIST>
        <STBILLCATEGORIES.LIST>        </STBILLCATEGORIES.LIST>
       </BILLALLOCATIONS.LIST>
       <INTERESTCOLLECTION.LIST>       </INTERESTCOLLECTION.LIST>
       <OLDAUDITENTRIES.LIST>       </OLDAUDITENTRIES.LIST>
       <ACCOUNTAUDITENTRIES.LIST>       </ACCOUNTAUDITENTRIES.LIST>
       <AUDITENTRIES.LIST>       </AUDITENTRIES.LIST>
       <INPUTCRALLOCS.LIST>       </INPUTCRALLOCS.LIST>
       <DUTYHEADDETAILS.LIST>       </DUTYHEADDETAILS.LIST>
       <EXCISEDUTYHEADDETAILS.LIST>       </EXCISEDUTYHEADDETAILS.LIST>
       <RATEDETAILS.LIST>       </RATEDETAILS.LIST>
       <SUMMARYALLOCS.LIST>       </SUMMARYALLOCS.LIST>
       <STPYMTDETAILS.LIST>       </STPYMTDETAILS.LIST>
       <EXCISEPAYMENTALLOCATIONS.LIST>       </EXCISEPAYMENTALLOCATIONS.LIST>
       <TAXBILLALLOCATIONS.LIST>       </TAXBILLALLOCATIONS.LIST>
       <TAXOBJECTALLOCATIONS.LIST>       </TAXOBJECTALLOCATIONS.LIST>
       <TDSEXPENSEALLOCATIONS.LIST>       </TDSEXPENSEALLOCATIONS.LIST>
       <VATSTATUTORYDETAILS.LIST>       </VATSTATUTORYDETAILS.LIST>
       <COSTTRACKALLOCATIONS.LIST>       </COSTTRACKALLOCATIONS.LIST>
       <REFVOUCHERDETAILS.LIST>       </REFVOUCHERDETAILS.LIST>
       <INVOICEWISEDETAILS.LIST>       </INVOICEWISEDETAILS.LIST>
       <VATITCDETAILS.LIST>       </VATITCDETAILS.LIST>
       <ADVANCETAXDETAILS.LIST>       </ADVANCETAXDETAILS.LIST>
      </ALLLEDGERENTRIES.LIST>
      <ALLLEDGERENTRIES.LIST>
       <OLDAUDITENTRYIDS.LIST TYPE="Number">
        <OLDAUDITENTRYIDS>-1</OLDAUDITENTRYIDS>
       </OLDAUDITENTRYIDS.LIST>
       <LEDGERNAME>Purchase</LEDGERNAME>
       <GSTCLASS/>
       <ISDEEMEDPOSITIVE>Yes</ISDEEMEDPOSITIVE>
       <LEDGERFROMITEM>No</LEDGERFROMITEM>
       <REMOVEZEROENTRIES>No</REMOVEZEROENTRIES>
       <ISPARTYLEDGER>No</ISPARTYLEDGER>
       <ISLASTDEEMEDPOSITIVE>Yes</ISLASTDEEMEDPOSITIVE>
       <ISCAPVATTAXALTERED>No</ISCAPVATTAXALTERED>
       <ISCAPVATNOTCLAIMED>No</ISCAPVATNOTCLAIMED>
       <AMOUNT>-214000.00</AMOUNT>
       <VATEXPAMOUNT>-214000.00</VATEXPAMOUNT>
       <SERVICETAXDETAILS.LIST>       </SERVICETAXDETAILS.LIST>
       <BANKALLOCATIONS.LIST>       </BANKALLOCATIONS.LIST>
       <BILLALLOCATIONS.LIST>       </BILLALLOCATIONS.LIST>
       <INTERESTCOLLECTION.LIST>       </INTERESTCOLLECTION.LIST>
       <OLDAUDITENTRIES.LIST>       </OLDAUDITENTRIES.LIST>
       <ACCOUNTAUDITENTRIES.LIST>       </ACCOUNTAUDITENTRIES.LIST>
       <AUDITENTRIES.LIST>       </AUDITENTRIES.LIST>
       <INPUTCRALLOCS.LIST>       </INPUTCRALLOCS.LIST>
       <DUTYHEADDETAILS.LIST>       </DUTYHEADDETAILS.LIST>
       <EXCISEDUTYHEADDETAILS.LIST>       </EXCISEDUTYHEADDETAILS.LIST>
       <RATEDETAILS.LIST>       </RATEDETAILS.LIST>
       <SUMMARYALLOCS.LIST>       </SUMMARYALLOCS.LIST>
       <STPYMTDETAILS.LIST>       </STPYMTDETAILS.LIST>
       <EXCISEPAYMENTALLOCATIONS.LIST>       </EXCISEPAYMENTALLOCATIONS.LIST>
       <TAXBILLALLOCATIONS.LIST>       </TAXBILLALLOCATIONS.LIST>
       <TAXOBJECTALLOCATIONS.LIST>       </TAXOBJECTALLOCATIONS.LIST>
       <TDSEXPENSEALLOCATIONS.LIST>       </TDSEXPENSEALLOCATIONS.LIST>
       <VATSTATUTORYDETAILS.LIST>       </VATSTATUTORYDETAILS.LIST>
       <COSTTRACKALLOCATIONS.LIST>       </COSTTRACKALLOCATIONS.LIST>
       <REFVOUCHERDETAILS.LIST>       </REFVOUCHERDETAILS.LIST>
       <INVOICEWISEDETAILS.LIST>       </INVOICEWISEDETAILS.LIST>
       <VATITCDETAILS.LIST>       </VATITCDETAILS.LIST>
       <ADVANCETAXDETAILS.LIST>       </ADVANCETAXDETAILS.LIST>
      </ALLLEDGERENTRIES.LIST>
      <ALLLEDGERENTRIES.LIST>
       <OLDAUDITENTRYIDS.LIST TYPE="Number">
        <OLDAUDITENTRYIDS>-1</OLDAUDITENTRYIDS>
       </OLDAUDITENTRYIDS.LIST>
       <LEDGERNAME>Input CGST @18%</LEDGERNAME>
       <GSTCLASS/>
       <ISDEEMEDPOSITIVE>Yes</ISDEEMEDPOSITIVE>
       <LEDGERFROMITEM>No</LEDGERFROMITEM>
       <REMOVEZEROENTRIES>No</REMOVEZEROENTRIES>
       <ISPARTYLEDGER>No</ISPARTYLEDGER>
       <ISLASTDEEMEDPOSITIVE>Yes</ISLASTDEEMEDPOSITIVE>
       <ISCAPVATTAXALTERED>No</ISCAPVATTAXALTERED>
       <ISCAPVATNOTCLAIMED>No</ISCAPVATNOTCLAIMED>
       <AMOUNT>-19260.00</AMOUNT>
       <VATEXPAMOUNT>-19260.00</VATEXPAMOUNT>
       <SERVICETAXDETAILS.LIST>       </SERVICETAXDETAILS.LIST>
       <BANKALLOCATIONS.LIST>       </BANKALLOCATIONS.LIST>
       <BILLALLOCATIONS.LIST>       </BILLALLOCATIONS.LIST>
       <INTERESTCOLLECTION.LIST>       </INTERESTCOLLECTION.LIST>
       <OLDAUDITENTRIES.LIST>       </OLDAUDITENTRIES.LIST>
       <ACCOUNTAUDITENTRIES.LIST>       </ACCOUNTAUDITENTRIES.LIST>
       <AUDITENTRIES.LIST>       </AUDITENTRIES.LIST>
       <INPUTCRALLOCS.LIST>       </INPUTCRALLOCS.LIST>
       <DUTYHEADDETAILS.LIST>       </DUTYHEADDETAILS.LIST>
       <EXCISEDUTYHEADDETAILS.LIST>       </EXCISEDUTYHEADDETAILS.LIST>
       <RATEDETAILS.LIST>       </RATEDETAILS.LIST>
       <SUMMARYALLOCS.LIST>       </SUMMARYALLOCS.LIST>
       <STPYMTDETAILS.LIST>       </STPYMTDETAILS.LIST>
       <EXCISEPAYMENTALLOCATIONS.LIST>       </EXCISEPAYMENTALLOCATIONS.LIST>
       <TAXBILLALLOCATIONS.LIST>       </TAXBILLALLOCATIONS.LIST>
       <TAXOBJECTALLOCATIONS.LIST>       </TAXOBJECTALLOCATIONS.LIST>
       <TDSEXPENSEALLOCATIONS.LIST>       </TDSEXPENSEALLOCATIONS.LIST>
       <VATSTATUTORYDETAILS.LIST>       </VATSTATUTORYDETAILS.LIST>
       <COSTTRACKALLOCATIONS.LIST>       </COSTTRACKALLOCATIONS.LIST>
       <REFVOUCHERDETAILS.LIST>       </REFVOUCHERDETAILS.LIST>
       <INVOICEWISEDETAILS.LIST>       </INVOICEWISEDETAILS.LIST>
       <VATITCDETAILS.LIST>       </VATITCDETAILS.LIST>
       <ADVANCETAXDETAILS.LIST>       </ADVANCETAXDETAILS.LIST>
      </ALLLEDGERENTRIES.LIST>
      <ALLLEDGERENTRIES.LIST>
       <OLDAUDITENTRYIDS.LIST TYPE="Number">
        <OLDAUDITENTRYIDS>-1</OLDAUDITENTRYIDS>
       </OLDAUDITENTRYIDS.LIST>
       <LEDGERNAME>Input SGST @18%</LEDGERNAME>
       <GSTCLASS/>
       <ISDEEMEDPOSITIVE>Yes</ISDEEMEDPOSITIVE>
       <LEDGERFROMITEM>No</LEDGERFROMITEM>
       <REMOVEZEROENTRIES>No</REMOVEZEROENTRIES>
       <ISPARTYLEDGER>No</ISPARTYLEDGER>
       <ISLASTDEEMEDPOSITIVE>Yes</ISLASTDEEMEDPOSITIVE>
       <ISCAPVATTAXALTERED>No</ISCAPVATTAXALTERED>
       <ISCAPVATNOTCLAIMED>No</ISCAPVATNOTCLAIMED>
       <AMOUNT>-19260.00</AMOUNT>
       <VATEXPAMOUNT>-19260.00</VATEXPAMOUNT>
       <SERVICETAXDETAILS.LIST>       </SERVICETAXDETAILS.LIST>
       <BANKALLOCATIONS.LIST>       </BANKALLOCATIONS.LIST>
       <BILLALLOCATIONS.LIST>       </BILLALLOCATIONS.LIST>
       <INTERESTCOLLECTION.LIST>       </INTERESTCOLLECTION.LIST>
       <OLDAUDITENTRIES.LIST>       </OLDAUDITENTRIES.LIST>
       <ACCOUNTAUDITENTRIES.LIST>       </ACCOUNTAUDITENTRIES.LIST>
       <AUDITENTRIES.LIST>       </AUDITENTRIES.LIST>
       <INPUTCRALLOCS.LIST>       </INPUTCRALLOCS.LIST>
       <DUTYHEADDETAILS.LIST>       </DUTYHEADDETAILS.LIST>
       <EXCISEDUTYHEADDETAILS.LIST>       </EXCISEDUTYHEADDETAILS.LIST>
       <RATEDETAILS.LIST>       </RATEDETAILS.LIST>
       <SUMMARYALLOCS.LIST>       </SUMMARYALLOCS.LIST>
       <STPYMTDETAILS.LIST>       </STPYMTDETAILS.LIST>
       <EXCISEPAYMENTALLOCATIONS.LIST>       </EXCISEPAYMENTALLOCATIONS.LIST>
       <TAXBILLALLOCATIONS.LIST>       </TAXBILLALLOCATIONS.LIST>
       <TAXOBJECTALLOCATIONS.LIST>       </TAXOBJECTALLOCATIONS.LIST>
       <TDSEXPENSEALLOCATIONS.LIST>       </TDSEXPENSEALLOCATIONS.LIST>
       <VATSTATUTORYDETAILS.LIST>       </VATSTATUTORYDETAILS.LIST>
       <COSTTRACKALLOCATIONS.LIST>       </COSTTRACKALLOCATIONS.LIST>
       <REFVOUCHERDETAILS.LIST>       </REFVOUCHERDETAILS.LIST>
       <INVOICEWISEDETAILS.LIST>       </INVOICEWISEDETAILS.LIST>
       <VATITCDETAILS.LIST>       </VATITCDETAILS.LIST>
       <ADVANCETAXDETAILS.LIST>       </ADVANCETAXDETAILS.LIST>
      </ALLLEDGERENTRIES.LIST>
      <PAYROLLMODEOFPAYMENT.LIST>      </PAYROLLMODEOFPAYMENT.LIST>
      <ATTDRECORDS.LIST>      </ATTDRECORDS.LIST>
      <GSTEWAYCONSIGNORADDRESS.LIST>      </GSTEWAYCONSIGNORADDRESS.LIST>
      <GSTEWAYCONSIGNEEADDRESS.LIST>      </GSTEWAYCONSIGNEEADDRESS.LIST>
      <TEMPGSTRATEDETAILS.LIST>      </TEMPGSTRATEDETAILS.LIST>
     </VOUCHER>
    </TALLYMESSAGE>
    <TALLYMESSAGE xmlns:UDF="TallyUDF">
     <VOUCHER REMOTEID="9987e5b6-c5a4-486f-8ce0-807a06d6dc8c-00000003" VCHKEY="9987e5b6-c5a4-486f-8ce0-807a06d6dc8c-0000ae74:00000008" VCHTYPE="Purchase" ACTION="Create" OBJVIEW="Accounting Voucher View">
      <ADDRESS.LIST TYPE="String">
       <ADDRESS>slfdknsdf</ADDRESS>
       <ADDRESS>slfdknsdf</ADDRESS>
       <ADDRESS>slfdknsdf</ADDRESS>
       <ADDRESS>slfdknsdf</ADDRESS>
      </ADDRESS.LIST>
      <BASICBUYERADDRESS.LIST TYPE="String">
       <BASICBUYERADDRESS>slfdknsdf</BASICBUYERADDRESS>
       <BASICBUYERADDRESS>slfdknsdf</BASICBUYERADDRESS>
       <BASICBUYERADDRESS>slfdknsdf</BASICBUYERADDRESS>
       <BASICBUYERADDRESS>slfdknsdf</BASICBUYERADDRESS>
      </BASICBUYERADDRESS.LIST>
      <OLDAUDITENTRYIDS.LIST TYPE="Number">
       <OLDAUDITENTRYIDS>-1</OLDAUDITENTRYIDS>
      </OLDAUDITENTRYIDS.LIST>
      <DATE>20220410</DATE>
      <REFERENCEDATE>20220207</REFERENCEDATE>
      <GUID>9987e5b6-c5a4-486f-8ce0-807a06d6dc8c-00000003</GUID>
      <STATENAME>Maharashtra</STATENAME>
      <GSTREGISTRATIONTYPE>Regular</GSTREGISTRATIONTYPE>
      <NARRATION>05/22-24</NARRATION>
      <COUNTRYOFRESIDENCE>India</COUNTRYOFRESIDENCE>
      <PARTYGSTIN>29AAACK4409J1ZG</PARTYGSTIN>
      <PARTYNAME>Society for Innovation</PARTYNAME>
      <VOUCHERTYPENAME>Purchase</VOUCHERTYPENAME>
      <REFERENCE>6875641-fgdf</REFERENCE>
      <VOUCHERNUMBER>4</VOUCHERNUMBER>
      <PARTYLEDGERNAME>Society for Innovation</PARTYLEDGERNAME>
      <BASICBASEPARTYNAME>Society for Innovation</BASICBASEPARTYNAME>
      <CSTFORMISSUETYPE/>
      <CSTFORMRECVTYPE/>
      <FBTPAYMENTTYPE>Default</FBTPAYMENTTYPE>
      <PERSISTEDVIEW>Accounting Voucher View</PERSISTEDVIEW>
      <BASICBUYERNAME>Sample 0004</BASICBUYERNAME>
      <BASICDATETIMEOFINVOICE>8-Apr-2022 at 13:25</BASICDATETIMEOFINVOICE>
      <BASICDATETIMEOFREMOVAL>8-Apr-2022 at 13:25</BASICDATETIMEOFREMOVAL>
      <VCHGSTCLASS/>
      <CONSIGNEESTATENAME>Maharashtra</CONSIGNEESTATENAME>
      <DIFFACTUALQTY>No</DIFFACTUALQTY>
      <ISMSTFROMSYNC>No</ISMSTFROMSYNC>
      <ASORIGINAL>No</ASORIGINAL>
      <AUDITED>No</AUDITED>
      <FORJOBCOSTING>No</FORJOBCOSTING>
      <ISOPTIONAL>No</ISOPTIONAL>
      <EFFECTIVEDATE>20220410</EFFECTIVEDATE>
      <USEFOREXCISE>No</USEFOREXCISE>
      <ISFORJOBWORKIN>No</ISFORJOBWORKIN>
      <ALLOWCONSUMPTION>No</ALLOWCONSUMPTION>
      <USEFORINTEREST>No</USEFORINTEREST>
      <USEFORGAINLOSS>No</USEFORGAINLOSS>
      <USEFORGODOWNTRANSFER>No</USEFORGODOWNTRANSFER>
      <USEFORCOMPOUND>No</USEFORCOMPOUND>
      <USEFORSERVICETAX>No</USEFORSERVICETAX>
      <ISEXCISEVOUCHER>No</ISEXCISEVOUCHER>
      <EXCISETAXOVERRIDE>No</EXCISETAXOVERRIDE>
      <USEFORTAXUNITTRANSFER>No</USEFORTAXUNITTRANSFER>
      <IGNOREPOSVALIDATION>No</IGNOREPOSVALIDATION>
      <EXCISEOPENING>No</EXCISEOPENING>
      <USEFORFINALPRODUCTION>No</USEFORFINALPRODUCTION>
      <ISTDSOVERRIDDEN>No</ISTDSOVERRIDDEN>
      <ISTCSOVERRIDDEN>No</ISTCSOVERRIDDEN>
      <ISTDSTCSCASHVCH>No</ISTDSTCSCASHVCH>
      <INCLUDEADVPYMTVCH>No</INCLUDEADVPYMTVCH>
      <ISSUBWORKSCONTRACT>No</ISSUBWORKSCONTRACT>
      <ISVATOVERRIDDEN>No</ISVATOVERRIDDEN>
      <IGNOREORIGVCHDATE>No</IGNOREORIGVCHDATE>
      <ISVATPAIDATCUSTOMS>No</ISVATPAIDATCUSTOMS>
      <ISDECLAREDTOCUSTOMS>No</ISDECLAREDTOCUSTOMS>
      <ISSERVICETAXOVERRIDDEN>No</ISSERVICETAXOVERRIDDEN>
      <ISISDVOUCHER>No</ISISDVOUCHER>
      <ISEXCISEOVERRIDDEN>No</ISEXCISEOVERRIDDEN>
      <ISEXCISESUPPLYVCH>No</ISEXCISESUPPLYVCH>
      <ISGSTOVERRIDDEN>No</ISGSTOVERRIDDEN>
      <GSTNOTEXPORTED>No</GSTNOTEXPORTED>
      <IGNOREGSTINVALIDATION>No</IGNOREGSTINVALIDATION>
      <ISVATPRINCIPALACCOUNT>No</ISVATPRINCIPALACCOUNT>
      <ISBOENOTAPPLICABLE>No</ISBOENOTAPPLICABLE>
      <ISSHIPPINGWITHINSTATE>No</ISSHIPPINGWITHINSTATE>
      <ISOVERSEASTOURISTTRANS>No</ISOVERSEASTOURISTTRANS>
      <ISDESIGNATEDZONEPARTY>No</ISDESIGNATEDZONEPARTY>
      <ISCANCELLED>No</ISCANCELLED>
      <HASCASHFLOW>No</HASCASHFLOW>
      <ISPOSTDATED>No</ISPOSTDATED>
      <USETRACKINGNUMBER>No</USETRACKINGNUMBER>
      <ISINVOICE>No</ISINVOICE>
      <MFGJOURNAL>No</MFGJOURNAL>
      <HASDISCOUNTS>No</HASDISCOUNTS>
      <ASPAYSLIP>No</ASPAYSLIP>
      <ISCOSTCENTRE>No</ISCOSTCENTRE>
      <ISSTXNONREALIZEDVCH>No</ISSTXNONREALIZEDVCH>
      <ISEXCISEMANUFACTURERON>Yes</ISEXCISEMANUFACTURERON>
      <ISBLANKCHEQUE>No</ISBLANKCHEQUE>
      <ISVOID>No</ISVOID>
      <ISONHOLD>No</ISONHOLD>
      <ORDERLINESTATUS>No</ORDERLINESTATUS>
      <VATISAGNSTCANCSALES>No</VATISAGNSTCANCSALES>
      <VATISPURCEXEMPTED>No</VATISPURCEXEMPTED>
      <ISVATRESTAXINVOICE>No</ISVATRESTAXINVOICE>
      <VATISASSESABLECALCVCH>No</VATISASSESABLECALCVCH>
      <ISVATDUTYPAID>Yes</ISVATDUTYPAID>
      <ISDELIVERYSAMEASCONSIGNEE>No</ISDELIVERYSAMEASCONSIGNEE>
      <ISDISPATCHSAMEASCONSIGNOR>No</ISDISPATCHSAMEASCONSIGNOR>
      <ISDELETED>No</ISDELETED>
      <CHANGEVCHMODE>No</CHANGEVCHMODE>
      <ALTERID> 3</ALTERID>
      <MASTERID> 3</MASTERID>
      <VOUCHERKEY>191813239439368</VOUCHERKEY>
      <EXCLUDEDTAXATIONS.LIST>      </EXCLUDEDTAXATIONS.LIST>
      <OLDAUDITENTRIES.LIST>      </OLDAUDITENTRIES.LIST>
      <ACCOUNTAUDITENTRIES.LIST>      </ACCOUNTAUDITENTRIES.LIST>
      <AUDITENTRIES.LIST>      </AUDITENTRIES.LIST>
      <DUTYHEADDETAILS.LIST>      </DUTYHEADDETAILS.LIST>
      <SUPPLEMENTARYDUTYHEADDETAILS.LIST>      </SUPPLEMENTARYDUTYHEADDETAILS.LIST>
      <EWAYBILLDETAILS.LIST>      </EWAYBILLDETAILS.LIST>
      <INVOICEDELNOTES.LIST>      </INVOICEDELNOTES.LIST>
      <INVOICEORDERLIST.LIST>      </INVOICEORDERLIST.LIST>
      <INVOICEINDENTLIST.LIST>      </INVOICEINDENTLIST.LIST>
      <ATTENDANCEENTRIES.LIST>      </ATTENDANCEENTRIES.LIST>
      <ORIGINVOICEDETAILS.LIST>      </ORIGINVOICEDETAILS.LIST>
      <INVOICEEXPORTLIST.LIST>      </INVOICEEXPORTLIST.LIST>
      <ALLLEDGERENTRIES.LIST>
       <OLDAUDITENTRYIDS.LIST TYPE="Number">
        <OLDAUDITENTRYIDS>-1</OLDAUDITENTRYIDS>
       </OLDAUDITENTRYIDS.LIST>
       <LEDGERNAME>Society for Innovation</LEDGERNAME>
       <GSTCLASS/>
       <ISDEEMEDPOSITIVE>No</ISDEEMEDPOSITIVE>
       <LEDGERFROMITEM>No</LEDGERFROMITEM>
       <REMOVEZEROENTRIES>No</REMOVEZEROENTRIES>
       <ISPARTYLEDGER>Yes</ISPARTYLEDGER>
       <ISLASTDEEMEDPOSITIVE>No</ISLASTDEEMEDPOSITIVE>
       <ISCAPVATTAXALTERED>No</ISCAPVATTAXALTERED>
       <ISCAPVATNOTCLAIMED>No</ISCAPVATNOTCLAIMED>
       <AMOUNT>196470.00</AMOUNT>
       <VATEXPAMOUNT>196470.00</VATEXPAMOUNT>
       <SERVICETAXDETAILS.LIST>       </SERVICETAXDETAILS.LIST>
       <BANKALLOCATIONS.LIST>       </BANKALLOCATIONS.LIST>
       <BILLALLOCATIONS.LIST>
        <NAME>15478</NAME>
        <BILLTYPE>Agst Ref</BILLTYPE>
        <TDSDEDUCTEEISSPECIALRATE>No</TDSDEDUCTEEISSPECIALRATE>
        <AMOUNT>196470.00</AMOUNT>
        <INTERESTCOLLECTION.LIST>        </INTERESTCOLLECTION.LIST>
        <STBILLCATEGORIES.LIST>        </STBILLCATEGORIES.LIST>
       </BILLALLOCATIONS.LIST>
       <INTERESTCOLLECTION.LIST>       </INTERESTCOLLECTION.LIST>
       <OLDAUDITENTRIES.LIST>       </OLDAUDITENTRIES.LIST>
       <ACCOUNTAUDITENTRIES.LIST>       </ACCOUNTAUDITENTRIES.LIST>
       <AUDITENTRIES.LIST>       </AUDITENTRIES.LIST>
       <INPUTCRALLOCS.LIST>       </INPUTCRALLOCS.LIST>
       <DUTYHEADDETAILS.LIST>       </DUTYHEADDETAILS.LIST>
       <EXCISEDUTYHEADDETAILS.LIST>       </EXCISEDUTYHEADDETAILS.LIST>
       <RATEDETAILS.LIST>       </RATEDETAILS.LIST>
       <SUMMARYALLOCS.LIST>       </SUMMARYALLOCS.LIST>
       <STPYMTDETAILS.LIST>       </STPYMTDETAILS.LIST>
       <EXCISEPAYMENTALLOCATIONS.LIST>       </EXCISEPAYMENTALLOCATIONS.LIST>
       <TAXBILLALLOCATIONS.LIST>       </TAXBILLALLOCATIONS.LIST>
       <TAXOBJECTALLOCATIONS.LIST>       </TAXOBJECTALLOCATIONS.LIST>
       <TDSEXPENSEALLOCATIONS.LIST>       </TDSEXPENSEALLOCATIONS.LIST>
       <VATSTATUTORYDETAILS.LIST>       </VATSTATUTORYDETAILS.LIST>
       <COSTTRACKALLOCATIONS.LIST>       </COSTTRACKALLOCATIONS.LIST>
       <REFVOUCHERDETAILS.LIST>       </REFVOUCHERDETAILS.LIST>
       <INVOICEWISEDETAILS.LIST>       </INVOICEWISEDETAILS.LIST>
       <VATITCDETAILS.LIST>       </VATITCDETAILS.LIST>
       <ADVANCETAXDETAILS.LIST>       </ADVANCETAXDETAILS.LIST>
      </ALLLEDGERENTRIES.LIST>
      <ALLLEDGERENTRIES.LIST>
       <OLDAUDITENTRYIDS.LIST TYPE="Number">
        <OLDAUDITENTRYIDS>-1</OLDAUDITENTRYIDS>
       </OLDAUDITENTRYIDS.LIST>
       <LEDGERNAME>Purchase</LEDGERNAME>
       <GSTCLASS/>
       <ISDEEMEDPOSITIVE>Yes</ISDEEMEDPOSITIVE>
       <LEDGERFROMITEM>No</LEDGERFROMITEM>
       <REMOVEZEROENTRIES>No</REMOVEZEROENTRIES>
       <ISPARTYLEDGER>No</ISPARTYLEDGER>
       <ISLASTDEEMEDPOSITIVE>Yes</ISLASTDEEMEDPOSITIVE>
       <ISCAPVATTAXALTERED>No</ISCAPVATTAXALTERED>
       <ISCAPVATNOTCLAIMED>No</ISCAPVATNOTCLAIMED>
       <AMOUNT>-166500.00</AMOUNT>
       <VATEXPAMOUNT>-166500.00</VATEXPAMOUNT>
       <SERVICETAXDETAILS.LIST>       </SERVICETAXDETAILS.LIST>
       <BANKALLOCATIONS.LIST>       </BANKALLOCATIONS.LIST>
       <BILLALLOCATIONS.LIST>       </BILLALLOCATIONS.LIST>
       <INTERESTCOLLECTION.LIST>       </INTERESTCOLLECTION.LIST>
       <OLDAUDITENTRIES.LIST>       </OLDAUDITENTRIES.LIST>
       <ACCOUNTAUDITENTRIES.LIST>       </ACCOUNTAUDITENTRIES.LIST>
       <AUDITENTRIES.LIST>       </AUDITENTRIES.LIST>
       <INPUTCRALLOCS.LIST>       </INPUTCRALLOCS.LIST>
       <DUTYHEADDETAILS.LIST>       </DUTYHEADDETAILS.LIST>
       <EXCISEDUTYHEADDETAILS.LIST>       </EXCISEDUTYHEADDETAILS.LIST>
       <RATEDETAILS.LIST>       </RATEDETAILS.LIST>
       <SUMMARYALLOCS.LIST>       </SUMMARYALLOCS.LIST>
       <STPYMTDETAILS.LIST>       </STPYMTDETAILS.LIST>
       <EXCISEPAYMENTALLOCATIONS.LIST>       </EXCISEPAYMENTALLOCATIONS.LIST>
       <TAXBILLALLOCATIONS.LIST>       </TAXBILLALLOCATIONS.LIST>
       <TAXOBJECTALLOCATIONS.LIST>       </TAXOBJECTALLOCATIONS.LIST>
       <TDSEXPENSEALLOCATIONS.LIST>       </TDSEXPENSEALLOCATIONS.LIST>
       <VATSTATUTORYDETAILS.LIST>       </VATSTATUTORYDETAILS.LIST>
       <COSTTRACKALLOCATIONS.LIST>       </COSTTRACKALLOCATIONS.LIST>
       <REFVOUCHERDETAILS.LIST>       </REFVOUCHERDETAILS.LIST>
       <INVOICEWISEDETAILS.LIST>       </INVOICEWISEDETAILS.LIST>
       <VATITCDETAILS.LIST>       </VATITCDETAILS.LIST>
       <ADVANCETAXDETAILS.LIST>       </ADVANCETAXDETAILS.LIST>
      </ALLLEDGERENTRIES.LIST>
      <ALLLEDGERENTRIES.LIST>
       <OLDAUDITENTRYIDS.LIST TYPE="Number">
        <OLDAUDITENTRYIDS>-1</OLDAUDITENTRYIDS>
       </OLDAUDITENTRYIDS.LIST>
       <LEDGERNAME>Input CGST @18%</LEDGERNAME>
       <GSTCLASS/>
       <ISDEEMEDPOSITIVE>Yes</ISDEEMEDPOSITIVE>
       <LEDGERFROMITEM>No</LEDGERFROMITEM>
       <REMOVEZEROENTRIES>No</REMOVEZEROENTRIES>
       <ISPARTYLEDGER>No</ISPARTYLEDGER>
       <ISLASTDEEMEDPOSITIVE>Yes</ISLASTDEEMEDPOSITIVE>
       <ISCAPVATTAXALTERED>No</ISCAPVATTAXALTERED>
       <ISCAPVATNOTCLAIMED>No</ISCAPVATNOTCLAIMED>
       <AMOUNT>-14985.00</AMOUNT>
       <VATEXPAMOUNT>-14985.00</VATEXPAMOUNT>
       <SERVICETAXDETAILS.LIST>       </SERVICETAXDETAILS.LIST>
       <BANKALLOCATIONS.LIST>       </BANKALLOCATIONS.LIST>
       <BILLALLOCATIONS.LIST>       </BILLALLOCATIONS.LIST>
       <INTERESTCOLLECTION.LIST>       </INTERESTCOLLECTION.LIST>
       <OLDAUDITENTRIES.LIST>       </OLDAUDITENTRIES.LIST>
       <ACCOUNTAUDITENTRIES.LIST>       </ACCOUNTAUDITENTRIES.LIST>
       <AUDITENTRIES.LIST>       </AUDITENTRIES.LIST>
       <INPUTCRALLOCS.LIST>       </INPUTCRALLOCS.LIST>
       <DUTYHEADDETAILS.LIST>       </DUTYHEADDETAILS.LIST>
       <EXCISEDUTYHEADDETAILS.LIST>       </EXCISEDUTYHEADDETAILS.LIST>
       <RATEDETAILS.LIST>       </RATEDETAILS.LIST>
       <SUMMARYALLOCS.LIST>       </SUMMARYALLOCS.LIST>
       <STPYMTDETAILS.LIST>       </STPYMTDETAILS.LIST>
       <EXCISEPAYMENTALLOCATIONS.LIST>       </EXCISEPAYMENTALLOCATIONS.LIST>
       <TAXBILLALLOCATIONS.LIST>       </TAXBILLALLOCATIONS.LIST>
       <TAXOBJECTALLOCATIONS.LIST>       </TAXOBJECTALLOCATIONS.LIST>
       <TDSEXPENSEALLOCATIONS.LIST>       </TDSEXPENSEALLOCATIONS.LIST>
       <VATSTATUTORYDETAILS.LIST>       </VATSTATUTORYDETAILS.LIST>
       <COSTTRACKALLOCATIONS.LIST>       </COSTTRACKALLOCATIONS.LIST>
       <REFVOUCHERDETAILS.LIST>       </REFVOUCHERDETAILS.LIST>
       <INVOICEWISEDETAILS.LIST>       </INVOICEWISEDETAILS.LIST>
       <VATITCDETAILS.LIST>       </VATITCDETAILS.LIST>
       <ADVANCETAXDETAILS.LIST>       </ADVANCETAXDETAILS.LIST>
      </ALLLEDGERENTRIES.LIST>
      <ALLLEDGERENTRIES.LIST>
       <OLDAUDITENTRYIDS.LIST TYPE="Number">
        <OLDAUDITENTRYIDS>-1</OLDAUDITENTRYIDS>
       </OLDAUDITENTRYIDS.LIST>
       <LEDGERNAME>Input SGST @18%</LEDGERNAME>
       <GSTCLASS/>
       <ISDEEMEDPOSITIVE>Yes</ISDEEMEDPOSITIVE>
       <LEDGERFROMITEM>No</LEDGERFROMITEM>
       <REMOVEZEROENTRIES>No</REMOVEZEROENTRIES>
       <ISPARTYLEDGER>No</ISPARTYLEDGER>
       <ISLASTDEEMEDPOSITIVE>Yes</ISLASTDEEMEDPOSITIVE>
       <ISCAPVATTAXALTERED>No</ISCAPVATTAXALTERED>
       <ISCAPVATNOTCLAIMED>No</ISCAPVATNOTCLAIMED>
       <AMOUNT>-14985.00</AMOUNT>
       <VATEXPAMOUNT>-14985.00</VATEXPAMOUNT>
       <SERVICETAXDETAILS.LIST>       </SERVICETAXDETAILS.LIST>
       <BANKALLOCATIONS.LIST>       </BANKALLOCATIONS.LIST>
       <BILLALLOCATIONS.LIST>       </BILLALLOCATIONS.LIST>
       <INTERESTCOLLECTION.LIST>       </INTERESTCOLLECTION.LIST>
       <OLDAUDITENTRIES.LIST>       </OLDAUDITENTRIES.LIST>
       <ACCOUNTAUDITENTRIES.LIST>       </ACCOUNTAUDITENTRIES.LIST>
       <AUDITENTRIES.LIST>       </AUDITENTRIES.LIST>
       <INPUTCRALLOCS.LIST>       </INPUTCRALLOCS.LIST>
       <DUTYHEADDETAILS.LIST>       </DUTYHEADDETAILS.LIST>
       <EXCISEDUTYHEADDETAILS.LIST>       </EXCISEDUTYHEADDETAILS.LIST>
       <RATEDETAILS.LIST>       </RATEDETAILS.LIST>
       <SUMMARYALLOCS.LIST>       </SUMMARYALLOCS.LIST>
       <STPYMTDETAILS.LIST>       </STPYMTDETAILS.LIST>
       <EXCISEPAYMENTALLOCATIONS.LIST>       </EXCISEPAYMENTALLOCATIONS.LIST>
       <TAXBILLALLOCATIONS.LIST>       </TAXBILLALLOCATIONS.LIST>
       <TAXOBJECTALLOCATIONS.LIST>       </TAXOBJECTALLOCATIONS.LIST>
       <TDSEXPENSEALLOCATIONS.LIST>       </TDSEXPENSEALLOCATIONS.LIST>
       <VATSTATUTORYDETAILS.LIST>       </VATSTATUTORYDETAILS.LIST>
       <COSTTRACKALLOCATIONS.LIST>       </COSTTRACKALLOCATIONS.LIST>
       <REFVOUCHERDETAILS.LIST>       </REFVOUCHERDETAILS.LIST>
       <INVOICEWISEDETAILS.LIST>       </INVOICEWISEDETAILS.LIST>
       <VATITCDETAILS.LIST>       </VATITCDETAILS.LIST>
       <ADVANCETAXDETAILS.LIST>       </ADVANCETAXDETAILS.LIST>
      </ALLLEDGERENTRIES.LIST>
      <PAYROLLMODEOFPAYMENT.LIST>      </PAYROLLMODEOFPAYMENT.LIST>
      <ATTDRECORDS.LIST>      </ATTDRECORDS.LIST>
      <GSTEWAYCONSIGNORADDRESS.LIST>      </GSTEWAYCONSIGNORADDRESS.LIST>
      <GSTEWAYCONSIGNEEADDRESS.LIST>      </GSTEWAYCONSIGNEEADDRESS.LIST>
      <TEMPGSTRATEDETAILS.LIST>      </TEMPGSTRATEDETAILS.LIST>
     </VOUCHER>
    </TALLYMESSAGE>
    <TALLYMESSAGE xmlns:UDF="TallyUDF">
     <VOUCHER REMOTEID="9987e5b6-c5a4-486f-8ce0-807a06d6dc8c-00000005" VCHKEY="9987e5b6-c5a4-486f-8ce0-807a06d6dc8c-0000ae7e:00000008" VCHTYPE="Sales" ACTION="Create" OBJVIEW="Accounting Voucher View">
      <BASICBUYERADDRESS.LIST TYPE="String">
       <BASICBUYERADDRESS>djkfhkjsdf&#13;&#10;</BASICBUYERADDRESS>
       <BASICBUYERADDRESS>djkfhkjsdf&#13;&#10;</BASICBUYERADDRESS>
       <BASICBUYERADDRESS>djkfhkjsdf&#13;&#10;</BASICBUYERADDRESS>
       <BASICBUYERADDRESS>djkfhkjsdf&#13;&#10;</BASICBUYERADDRESS>
      </BASICBUYERADDRESS.LIST>
      <OLDAUDITENTRYIDS.LIST TYPE="Number">
       <OLDAUDITENTRYIDS>-1</OLDAUDITENTRYIDS>
      </OLDAUDITENTRYIDS.LIST>
      <DATE>20220420</DATE>
      <GUID>9987e5b6-c5a4-486f-8ce0-807a06d6dc8c-00000005</GUID>
      <STATENAME>Maharashtra</STATENAME>
      <NARRATION>05/22-29</NARRATION>
      <COUNTRYOFRESIDENCE>India</COUNTRYOFRESIDENCE>
      <PARTYGSTIN>27AALFD0074E1ZO&#13;&#10;</PARTYGSTIN>
      <VOUCHERTYPENAME>Sales</VOUCHERTYPENAME>
      <REFERENCE>6875641-fgdf</REFERENCE>
      <VOUCHERNUMBER>1</VOUCHERNUMBER>
      <PARTYLEDGERNAME>Anant Defence Systems Pvt.Ltd.</PARTYLEDGERNAME>
      <BASICBASEPARTYNAME>Anant Defence Systems Pvt.Ltd.</BASICBASEPARTYNAME>
      <CSTFORMISSUETYPE/>
      <CSTFORMRECVTYPE/>
      <FBTPAYMENTTYPE>Default</FBTPAYMENTTYPE>
      <PERSISTEDVIEW>Accounting Voucher View</PERSISTEDVIEW>
      <PLACEOFSUPPLY>Maharashtra</PLACEOFSUPPLY>
      <BASICBUYERNAME>Anant Defence Systems Pvt.Ltd.</BASICBUYERNAME>
      <BASICDATETIMEOFINVOICE>20-Apr-2022 at 13:34</BASICDATETIMEOFINVOICE>
      <BASICDATETIMEOFREMOVAL>20-Apr-2022 at 13:34</BASICDATETIMEOFREMOVAL>
      <VCHGSTCLASS/>
      <DIFFACTUALQTY>No</DIFFACTUALQTY>
      <ISMSTFROMSYNC>No</ISMSTFROMSYNC>
      <ASORIGINAL>No</ASORIGINAL>
      <AUDITED>No</AUDITED>
      <FORJOBCOSTING>No</FORJOBCOSTING>
      <ISOPTIONAL>No</ISOPTIONAL>
      <EFFECTIVEDATE>20220420</EFFECTIVEDATE>
      <USEFOREXCISE>No</USEFOREXCISE>
      <ISFORJOBWORKIN>No</ISFORJOBWORKIN>
      <ALLOWCONSUMPTION>No</ALLOWCONSUMPTION>
      <USEFORINTEREST>No</USEFORINTEREST>
      <USEFORGAINLOSS>No</USEFORGAINLOSS>
      <USEFORGODOWNTRANSFER>No</USEFORGODOWNTRANSFER>
      <USEFORCOMPOUND>No</USEFORCOMPOUND>
      <USEFORSERVICETAX>No</USEFORSERVICETAX>
      <ISEXCISEVOUCHER>No</ISEXCISEVOUCHER>
      <EXCISETAXOVERRIDE>No</EXCISETAXOVERRIDE>
      <USEFORTAXUNITTRANSFER>No</USEFORTAXUNITTRANSFER>
      <IGNOREPOSVALIDATION>No</IGNOREPOSVALIDATION>
      <EXCISEOPENING>No</EXCISEOPENING>
      <USEFORFINALPRODUCTION>No</USEFORFINALPRODUCTION>
      <ISTDSOVERRIDDEN>No</ISTDSOVERRIDDEN>
      <ISTCSOVERRIDDEN>No</ISTCSOVERRIDDEN>
      <ISTDSTCSCASHVCH>No</ISTDSTCSCASHVCH>
      <INCLUDEADVPYMTVCH>No</INCLUDEADVPYMTVCH>
      <ISSUBWORKSCONTRACT>No</ISSUBWORKSCONTRACT>
      <ISVATOVERRIDDEN>No</ISVATOVERRIDDEN>
      <IGNOREORIGVCHDATE>No</IGNOREORIGVCHDATE>
      <ISVATPAIDATCUSTOMS>No</ISVATPAIDATCUSTOMS>
      <ISDECLAREDTOCUSTOMS>No</ISDECLAREDTOCUSTOMS>
      <ISSERVICETAXOVERRIDDEN>No</ISSERVICETAXOVERRIDDEN>
      <ISISDVOUCHER>No</ISISDVOUCHER>
      <ISEXCISEOVERRIDDEN>No</ISEXCISEOVERRIDDEN>
      <ISEXCISESUPPLYVCH>No</ISEXCISESUPPLYVCH>
      <ISGSTOVERRIDDEN>No</ISGSTOVERRIDDEN>
      <GSTNOTEXPORTED>No</GSTNOTEXPORTED>
      <IGNOREGSTINVALIDATION>No</IGNOREGSTINVALIDATION>
      <ISVATPRINCIPALACCOUNT>No</ISVATPRINCIPALACCOUNT>
      <ISBOENOTAPPLICABLE>No</ISBOENOTAPPLICABLE>
      <ISSHIPPINGWITHINSTATE>No</ISSHIPPINGWITHINSTATE>
      <ISOVERSEASTOURISTTRANS>No</ISOVERSEASTOURISTTRANS>
      <ISDESIGNATEDZONEPARTY>No</ISDESIGNATEDZONEPARTY>
      <ISCANCELLED>No</ISCANCELLED>
      <HASCASHFLOW>No</HASCASHFLOW>
      <ISPOSTDATED>No</ISPOSTDATED>
      <USETRACKINGNUMBER>No</USETRACKINGNUMBER>
      <ISINVOICE>No</ISINVOICE>
      <MFGJOURNAL>No</MFGJOURNAL>
      <HASDISCOUNTS>No</HASDISCOUNTS>
      <ASPAYSLIP>No</ASPAYSLIP>
      <ISCOSTCENTRE>No</ISCOSTCENTRE>
      <ISSTXNONREALIZEDVCH>No</ISSTXNONREALIZEDVCH>
      <ISEXCISEMANUFACTURERON>No</ISEXCISEMANUFACTURERON>
      <ISBLANKCHEQUE>No</ISBLANKCHEQUE>
      <ISVOID>No</ISVOID>
      <ISONHOLD>No</ISONHOLD>
      <ORDERLINESTATUS>No</ORDERLINESTATUS>
      <VATISAGNSTCANCSALES>No</VATISAGNSTCANCSALES>
      <VATISPURCEXEMPTED>No</VATISPURCEXEMPTED>
      <ISVATRESTAXINVOICE>No</ISVATRESTAXINVOICE>
      <VATISASSESABLECALCVCH>No</VATISASSESABLECALCVCH>
      <ISVATDUTYPAID>Yes</ISVATDUTYPAID>
      <ISDELIVERYSAMEASCONSIGNEE>No</ISDELIVERYSAMEASCONSIGNEE>
      <ISDISPATCHSAMEASCONSIGNOR>No</ISDISPATCHSAMEASCONSIGNOR>
      <ISDELETED>No</ISDELETED>
      <CHANGEVCHMODE>No</CHANGEVCHMODE>
      <ALTERID> 5</ALTERID>
      <MASTERID> 5</MASTERID>
      <VOUCHERKEY>191856189112328</VOUCHERKEY>
      <EXCLUDEDTAXATIONS.LIST>      </EXCLUDEDTAXATIONS.LIST>
      <OLDAUDITENTRIES.LIST>      </OLDAUDITENTRIES.LIST>
      <ACCOUNTAUDITENTRIES.LIST>      </ACCOUNTAUDITENTRIES.LIST>
      <AUDITENTRIES.LIST>      </AUDITENTRIES.LIST>
      <DUTYHEADDETAILS.LIST>      </DUTYHEADDETAILS.LIST>
      <SUPPLEMENTARYDUTYHEADDETAILS.LIST>      </SUPPLEMENTARYDUTYHEADDETAILS.LIST>
      <EWAYBILLDETAILS.LIST>      </EWAYBILLDETAILS.LIST>
      <INVOICEDELNOTES.LIST>      </INVOICEDELNOTES.LIST>
      <INVOICEORDERLIST.LIST>      </INVOICEORDERLIST.LIST>
      <INVOICEINDENTLIST.LIST>      </INVOICEINDENTLIST.LIST>
      <ATTENDANCEENTRIES.LIST>      </ATTENDANCEENTRIES.LIST>
      <ORIGINVOICEDETAILS.LIST>      </ORIGINVOICEDETAILS.LIST>
      <INVOICEEXPORTLIST.LIST>      </INVOICEEXPORTLIST.LIST>
      <ALLLEDGERENTRIES.LIST>
       <OLDAUDITENTRYIDS.LIST TYPE="Number">
        <OLDAUDITENTRYIDS>-1</OLDAUDITENTRYIDS>
       </OLDAUDITENTRYIDS.LIST>
       <LEDGERNAME>Anant Defence Systems Pvt.Ltd.</LEDGERNAME>
       <GSTCLASS/>
       <ISDEEMEDPOSITIVE>Yes</ISDEEMEDPOSITIVE>
       <LEDGERFROMITEM>No</LEDGERFROMITEM>
       <REMOVEZEROENTRIES>No</REMOVEZEROENTRIES>
       <ISPARTYLEDGER>Yes</ISPARTYLEDGER>
       <ISLASTDEEMEDPOSITIVE>Yes</ISLASTDEEMEDPOSITIVE>
       <ISCAPVATTAXALTERED>No</ISCAPVATTAXALTERED>
       <ISCAPVATNOTCLAIMED>No</ISCAPVATNOTCLAIMED>
       <AMOUNT>-534540.00</AMOUNT>
       <VATEXPAMOUNT>-534540.00</VATEXPAMOUNT>
       <SERVICETAXDETAILS.LIST>       </SERVICETAXDETAILS.LIST>
       <BANKALLOCATIONS.LIST>       </BANKALLOCATIONS.LIST>
       <BILLALLOCATIONS.LIST>
        <NAME>1</NAME>
        <BILLTYPE>New Ref</BILLTYPE>
        <TDSDEDUCTEEISSPECIALRATE>No</TDSDEDUCTEEISSPECIALRATE>
        <AMOUNT>-534540.00</AMOUNT>
        <INTERESTCOLLECTION.LIST>        </INTERESTCOLLECTION.LIST>
        <STBILLCATEGORIES.LIST>        </STBILLCATEGORIES.LIST>
       </BILLALLOCATIONS.LIST>
       <INTERESTCOLLECTION.LIST>       </INTERESTCOLLECTION.LIST>
       <OLDAUDITENTRIES.LIST>       </OLDAUDITENTRIES.LIST>
       <ACCOUNTAUDITENTRIES.LIST>       </ACCOUNTAUDITENTRIES.LIST>
       <AUDITENTRIES.LIST>       </AUDITENTRIES.LIST>
       <INPUTCRALLOCS.LIST>       </INPUTCRALLOCS.LIST>
       <DUTYHEADDETAILS.LIST>       </DUTYHEADDETAILS.LIST>
       <EXCISEDUTYHEADDETAILS.LIST>       </EXCISEDUTYHEADDETAILS.LIST>
       <RATEDETAILS.LIST>       </RATEDETAILS.LIST>
       <SUMMARYALLOCS.LIST>       </SUMMARYALLOCS.LIST>
       <STPYMTDETAILS.LIST>       </STPYMTDETAILS.LIST>
       <EXCISEPAYMENTALLOCATIONS.LIST>       </EXCISEPAYMENTALLOCATIONS.LIST>
       <TAXBILLALLOCATIONS.LIST>       </TAXBILLALLOCATIONS.LIST>
       <TAXOBJECTALLOCATIONS.LIST>       </TAXOBJECTALLOCATIONS.LIST>
       <TDSEXPENSEALLOCATIONS.LIST>       </TDSEXPENSEALLOCATIONS.LIST>
       <VATSTATUTORYDETAILS.LIST>       </VATSTATUTORYDETAILS.LIST>
       <COSTTRACKALLOCATIONS.LIST>       </COSTTRACKALLOCATIONS.LIST>
       <REFVOUCHERDETAILS.LIST>       </REFVOUCHERDETAILS.LIST>
       <INVOICEWISEDETAILS.LIST>       </INVOICEWISEDETAILS.LIST>
       <VATITCDETAILS.LIST>       </VATITCDETAILS.LIST>
       <ADVANCETAXDETAILS.LIST>       </ADVANCETAXDETAILS.LIST>
      </ALLLEDGERENTRIES.LIST>
      <ALLLEDGERENTRIES.LIST>
       <OLDAUDITENTRYIDS.LIST TYPE="Number">
        <OLDAUDITENTRYIDS>-1</OLDAUDITENTRYIDS>
       </OLDAUDITENTRYIDS.LIST>
       <LEDGERNAME>Sales</LEDGERNAME>
       <GSTCLASS/>
       <ISDEEMEDPOSITIVE>No</ISDEEMEDPOSITIVE>
       <LEDGERFROMITEM>No</LEDGERFROMITEM>
       <REMOVEZEROENTRIES>No</REMOVEZEROENTRIES>
       <ISPARTYLEDGER>No</ISPARTYLEDGER>
       <ISLASTDEEMEDPOSITIVE>No</ISLASTDEEMEDPOSITIVE>
       <ISCAPVATTAXALTERED>No</ISCAPVATTAXALTERED>
       <ISCAPVATNOTCLAIMED>No</ISCAPVATNOTCLAIMED>
       <AMOUNT>453000.00</AMOUNT>
       <VATEXPAMOUNT>453000.00</VATEXPAMOUNT>
       <SERVICETAXDETAILS.LIST>       </SERVICETAXDETAILS.LIST>
       <BANKALLOCATIONS.LIST>       </BANKALLOCATIONS.LIST>
       <BILLALLOCATIONS.LIST>       </BILLALLOCATIONS.LIST>
       <INTERESTCOLLECTION.LIST>       </INTERESTCOLLECTION.LIST>
       <OLDAUDITENTRIES.LIST>       </OLDAUDITENTRIES.LIST>
       <ACCOUNTAUDITENTRIES.LIST>       </ACCOUNTAUDITENTRIES.LIST>
       <AUDITENTRIES.LIST>       </AUDITENTRIES.LIST>
       <INPUTCRALLOCS.LIST>       </INPUTCRALLOCS.LIST>
       <DUTYHEADDETAILS.LIST>       </DUTYHEADDETAILS.LIST>
       <EXCISEDUTYHEADDETAILS.LIST>       </EXCISEDUTYHEADDETAILS.LIST>
       <RATEDETAILS.LIST>       </RATEDETAILS.LIST>
       <SUMMARYALLOCS.LIST>       </SUMMARYALLOCS.LIST>
       <STPYMTDETAILS.LIST>       </STPYMTDETAILS.LIST>
       <EXCISEPAYMENTALLOCATIONS.LIST>       </EXCISEPAYMENTALLOCATIONS.LIST>
       <TAXBILLALLOCATIONS.LIST>       </TAXBILLALLOCATIONS.LIST>
       <TAXOBJECTALLOCATIONS.LIST>       </TAXOBJECTALLOCATIONS.LIST>
       <TDSEXPENSEALLOCATIONS.LIST>       </TDSEXPENSEALLOCATIONS.LIST>
       <VATSTATUTORYDETAILS.LIST>       </VATSTATUTORYDETAILS.LIST>
       <COSTTRACKALLOCATIONS.LIST>       </COSTTRACKALLOCATIONS.LIST>
       <REFVOUCHERDETAILS.LIST>       </REFVOUCHERDETAILS.LIST>
       <INVOICEWISEDETAILS.LIST>       </INVOICEWISEDETAILS.LIST>
       <VATITCDETAILS.LIST>       </VATITCDETAILS.LIST>
       <ADVANCETAXDETAILS.LIST>       </ADVANCETAXDETAILS.LIST>
      </ALLLEDGERENTRIES.LIST>
      <ALLLEDGERENTRIES.LIST>
       <OLDAUDITENTRYIDS.LIST TYPE="Number">
        <OLDAUDITENTRYIDS>-1</OLDAUDITENTRYIDS>
       </OLDAUDITENTRYIDS.LIST>
       <LEDGERNAME>Output CGST @18%</LEDGERNAME>
       <GSTCLASS/>
       <ISDEEMEDPOSITIVE>No</ISDEEMEDPOSITIVE>
       <LEDGERFROMITEM>No</LEDGERFROMITEM>
       <REMOVEZEROENTRIES>No</REMOVEZEROENTRIES>
       <ISPARTYLEDGER>No</ISPARTYLEDGER>
       <ISLASTDEEMEDPOSITIVE>No</ISLASTDEEMEDPOSITIVE>
       <ISCAPVATTAXALTERED>No</ISCAPVATTAXALTERED>
       <ISCAPVATNOTCLAIMED>No</ISCAPVATNOTCLAIMED>
       <AMOUNT>40770.00</AMOUNT>
       <VATEXPAMOUNT>40770.00</VATEXPAMOUNT>
       <SERVICETAXDETAILS.LIST>       </SERVICETAXDETAILS.LIST>
       <BANKALLOCATIONS.LIST>       </BANKALLOCATIONS.LIST>
       <BILLALLOCATIONS.LIST>       </BILLALLOCATIONS.LIST>
       <INTERESTCOLLECTION.LIST>       </INTERESTCOLLECTION.LIST>
       <OLDAUDITENTRIES.LIST>       </OLDAUDITENTRIES.LIST>
       <ACCOUNTAUDITENTRIES.LIST>       </ACCOUNTAUDITENTRIES.LIST>
       <AUDITENTRIES.LIST>       </AUDITENTRIES.LIST>
       <INPUTCRALLOCS.LIST>       </INPUTCRALLOCS.LIST>
       <DUTYHEADDETAILS.LIST>       </DUTYHEADDETAILS.LIST>
       <EXCISEDUTYHEADDETAILS.LIST>       </EXCISEDUTYHEADDETAILS.LIST>
       <RATEDETAILS.LIST>       </RATEDETAILS.LIST>
       <SUMMARYALLOCS.LIST>       </SUMMARYALLOCS.LIST>
       <STPYMTDETAILS.LIST>       </STPYMTDETAILS.LIST>
       <EXCISEPAYMENTALLOCATIONS.LIST>       </EXCISEPAYMENTALLOCATIONS.LIST>
       <TAXBILLALLOCATIONS.LIST>       </TAXBILLALLOCATIONS.LIST>
       <TAXOBJECTALLOCATIONS.LIST>       </TAXOBJECTALLOCATIONS.LIST>
       <TDSEXPENSEALLOCATIONS.LIST>       </TDSEXPENSEALLOCATIONS.LIST>
       <VATSTATUTORYDETAILS.LIST>       </VATSTATUTORYDETAILS.LIST>
       <COSTTRACKALLOCATIONS.LIST>       </COSTTRACKALLOCATIONS.LIST>
       <REFVOUCHERDETAILS.LIST>       </REFVOUCHERDETAILS.LIST>
       <INVOICEWISEDETAILS.LIST>       </INVOICEWISEDETAILS.LIST>
       <VATITCDETAILS.LIST>       </VATITCDETAILS.LIST>
       <ADVANCETAXDETAILS.LIST>       </ADVANCETAXDETAILS.LIST>
      </ALLLEDGERENTRIES.LIST>
      <ALLLEDGERENTRIES.LIST>
       <OLDAUDITENTRYIDS.LIST TYPE="Number">
        <OLDAUDITENTRYIDS>-1</OLDAUDITENTRYIDS>
       </OLDAUDITENTRYIDS.LIST>
       <LEDGERNAME>Output SGST @18%</LEDGERNAME>
       <GSTCLASS/>
       <ISDEEMEDPOSITIVE>No</ISDEEMEDPOSITIVE>
       <LEDGERFROMITEM>No</LEDGERFROMITEM>
       <REMOVEZEROENTRIES>No</REMOVEZEROENTRIES>
       <ISPARTYLEDGER>No</ISPARTYLEDGER>
       <ISLASTDEEMEDPOSITIVE>No</ISLASTDEEMEDPOSITIVE>
       <ISCAPVATTAXALTERED>No</ISCAPVATTAXALTERED>
       <ISCAPVATNOTCLAIMED>No</ISCAPVATNOTCLAIMED>
       <AMOUNT>40770.00</AMOUNT>
       <VATEXPAMOUNT>40770.00</VATEXPAMOUNT>
       <SERVICETAXDETAILS.LIST>       </SERVICETAXDETAILS.LIST>
       <BANKALLOCATIONS.LIST>       </BANKALLOCATIONS.LIST>
       <BILLALLOCATIONS.LIST>       </BILLALLOCATIONS.LIST>
       <INTERESTCOLLECTION.LIST>       </INTERESTCOLLECTION.LIST>
       <OLDAUDITENTRIES.LIST>       </OLDAUDITENTRIES.LIST>
       <ACCOUNTAUDITENTRIES.LIST>       </ACCOUNTAUDITENTRIES.LIST>
       <AUDITENTRIES.LIST>       </AUDITENTRIES.LIST>
       <INPUTCRALLOCS.LIST>       </INPUTCRALLOCS.LIST>
       <DUTYHEADDETAILS.LIST>       </DUTYHEADDETAILS.LIST>
       <EXCISEDUTYHEADDETAILS.LIST>       </EXCISEDUTYHEADDETAILS.LIST>
       <RATEDETAILS.LIST>       </RATEDETAILS.LIST>
       <SUMMARYALLOCS.LIST>       </SUMMARYALLOCS.LIST>
       <STPYMTDETAILS.LIST>       </STPYMTDETAILS.LIST>
       <EXCISEPAYMENTALLOCATIONS.LIST>       </EXCISEPAYMENTALLOCATIONS.LIST>
       <TAXBILLALLOCATIONS.LIST>       </TAXBILLALLOCATIONS.LIST>
       <TAXOBJECTALLOCATIONS.LIST>       </TAXOBJECTALLOCATIONS.LIST>
       <TDSEXPENSEALLOCATIONS.LIST>       </TDSEXPENSEALLOCATIONS.LIST>
       <VATSTATUTORYDETAILS.LIST>       </VATSTATUTORYDETAILS.LIST>
       <COSTTRACKALLOCATIONS.LIST>       </COSTTRACKALLOCATIONS.LIST>
       <REFVOUCHERDETAILS.LIST>       </REFVOUCHERDETAILS.LIST>
       <INVOICEWISEDETAILS.LIST>       </INVOICEWISEDETAILS.LIST>
       <VATITCDETAILS.LIST>       </VATITCDETAILS.LIST>
       <ADVANCETAXDETAILS.LIST>       </ADVANCETAXDETAILS.LIST>
      </ALLLEDGERENTRIES.LIST>
      <PAYROLLMODEOFPAYMENT.LIST>      </PAYROLLMODEOFPAYMENT.LIST>
      <ATTDRECORDS.LIST>      </ATTDRECORDS.LIST>
      <GSTEWAYCONSIGNORADDRESS.LIST>      </GSTEWAYCONSIGNORADDRESS.LIST>
      <GSTEWAYCONSIGNEEADDRESS.LIST>      </GSTEWAYCONSIGNEEADDRESS.LIST>
      <TEMPGSTRATEDETAILS.LIST>      </TEMPGSTRATEDETAILS.LIST>
     </VOUCHER>
    </TALLYMESSAGE>
    <TALLYMESSAGE xmlns:UDF="TallyUDF">
     <VOUCHER REMOTEID="9987e5b6-c5a4-486f-8ce0-807a06d6dc8c-00000006" VCHKEY="9987e5b6-c5a4-486f-8ce0-807a06d6dc8c-0000ae7f:00000008" VCHTYPE="Sales" ACTION="Create" OBJVIEW="Accounting Voucher View">
      <BASICBUYERADDRESS.LIST TYPE="String">
       <BASICBUYERADDRESS>djkfhkjsdf&#13;&#10;</BASICBUYERADDRESS>
       <BASICBUYERADDRESS>djkfhkjsdf&#13;&#10;</BASICBUYERADDRESS>
       <BASICBUYERADDRESS>djkfhkjsdf&#13;&#10;</BASICBUYERADDRESS>
       <BASICBUYERADDRESS>djkfhkjsdf&#13;&#10;</BASICBUYERADDRESS>
      </BASICBUYERADDRESS.LIST>
      <OLDAUDITENTRYIDS.LIST TYPE="Number">
       <OLDAUDITENTRYIDS>-1</OLDAUDITENTRYIDS>
      </OLDAUDITENTRYIDS.LIST>
      <DATE>20220421</DATE>
      <GUID>9987e5b6-c5a4-486f-8ce0-807a06d6dc8c-00000006</GUID>
      <STATENAME>Maharashtra</STATENAME>
      <NARRATION>06/22-29</NARRATION>
      <COUNTRYOFRESIDENCE>India</COUNTRYOFRESIDENCE>
      <PARTYGSTIN>27AALFD0074E1ZO&#13;&#10;</PARTYGSTIN>
      <VOUCHERTYPENAME>Sales</VOUCHERTYPENAME>
      <REFERENCE>6875641-fgdf</REFERENCE>
      <VOUCHERNUMBER>2</VOUCHERNUMBER>
      <PARTYLEDGERNAME>Anant Defence Systems Pvt.Ltd.</PARTYLEDGERNAME>
      <BASICBASEPARTYNAME>Anant Defence Systems Pvt.Ltd.</BASICBASEPARTYNAME>
      <CSTFORMISSUETYPE/>
      <CSTFORMRECVTYPE/>
      <FBTPAYMENTTYPE>Default</FBTPAYMENTTYPE>
      <PERSISTEDVIEW>Accounting Voucher View</PERSISTEDVIEW>
      <PLACEOFSUPPLY>Maharashtra</PLACEOFSUPPLY>
      <BASICBUYERNAME>Anant Defence Systems Pvt.Ltd.</BASICBUYERNAME>
      <BASICDATETIMEOFINVOICE>20-Apr-2022 at 13:34</BASICDATETIMEOFINVOICE>
      <BASICDATETIMEOFREMOVAL>20-Apr-2022 at 13:34</BASICDATETIMEOFREMOVAL>
      <VCHGSTCLASS/>
      <DIFFACTUALQTY>No</DIFFACTUALQTY>
      <ISMSTFROMSYNC>No</ISMSTFROMSYNC>
      <ASORIGINAL>No</ASORIGINAL>
      <AUDITED>No</AUDITED>
      <FORJOBCOSTING>No</FORJOBCOSTING>
      <ISOPTIONAL>No</ISOPTIONAL>
      <EFFECTIVEDATE>20220421</EFFECTIVEDATE>
      <USEFOREXCISE>No</USEFOREXCISE>
      <ISFORJOBWORKIN>No</ISFORJOBWORKIN>
      <ALLOWCONSUMPTION>No</ALLOWCONSUMPTION>
      <USEFORINTEREST>No</USEFORINTEREST>
      <USEFORGAINLOSS>No</USEFORGAINLOSS>
      <USEFORGODOWNTRANSFER>No</USEFORGODOWNTRANSFER>
      <USEFORCOMPOUND>No</USEFORCOMPOUND>
      <USEFORSERVICETAX>No</USEFORSERVICETAX>
      <ISEXCISEVOUCHER>No</ISEXCISEVOUCHER>
      <EXCISETAXOVERRIDE>No</EXCISETAXOVERRIDE>
      <USEFORTAXUNITTRANSFER>No</USEFORTAXUNITTRANSFER>
      <IGNOREPOSVALIDATION>No</IGNOREPOSVALIDATION>
      <EXCISEOPENING>No</EXCISEOPENING>
      <USEFORFINALPRODUCTION>No</USEFORFINALPRODUCTION>
      <ISTDSOVERRIDDEN>No</ISTDSOVERRIDDEN>
      <ISTCSOVERRIDDEN>No</ISTCSOVERRIDDEN>
      <ISTDSTCSCASHVCH>No</ISTDSTCSCASHVCH>
      <INCLUDEADVPYMTVCH>No</INCLUDEADVPYMTVCH>
      <ISSUBWORKSCONTRACT>No</ISSUBWORKSCONTRACT>
      <ISVATOVERRIDDEN>No</ISVATOVERRIDDEN>
      <IGNOREORIGVCHDATE>No</IGNOREORIGVCHDATE>
      <ISVATPAIDATCUSTOMS>No</ISVATPAIDATCUSTOMS>
      <ISDECLAREDTOCUSTOMS>No</ISDECLAREDTOCUSTOMS>
      <ISSERVICETAXOVERRIDDEN>No</ISSERVICETAXOVERRIDDEN>
      <ISISDVOUCHER>No</ISISDVOUCHER>
      <ISEXCISEOVERRIDDEN>No</ISEXCISEOVERRIDDEN>
      <ISEXCISESUPPLYVCH>No</ISEXCISESUPPLYVCH>
      <ISGSTOVERRIDDEN>No</ISGSTOVERRIDDEN>
      <GSTNOTEXPORTED>No</GSTNOTEXPORTED>
      <IGNOREGSTINVALIDATION>No</IGNOREGSTINVALIDATION>
      <ISVATPRINCIPALACCOUNT>No</ISVATPRINCIPALACCOUNT>
      <ISBOENOTAPPLICABLE>No</ISBOENOTAPPLICABLE>
      <ISSHIPPINGWITHINSTATE>No</ISSHIPPINGWITHINSTATE>
      <ISOVERSEASTOURISTTRANS>No</ISOVERSEASTOURISTTRANS>
      <ISDESIGNATEDZONEPARTY>No</ISDESIGNATEDZONEPARTY>
      <ISCANCELLED>No</ISCANCELLED>
      <HASCASHFLOW>No</HASCASHFLOW>
      <ISPOSTDATED>No</ISPOSTDATED>
      <USETRACKINGNUMBER>No</USETRACKINGNUMBER>
      <ISINVOICE>No</ISINVOICE>
      <MFGJOURNAL>No</MFGJOURNAL>
      <HASDISCOUNTS>No</HASDISCOUNTS>
      <ASPAYSLIP>No</ASPAYSLIP>
      <ISCOSTCENTRE>No</ISCOSTCENTRE>
      <ISSTXNONREALIZEDVCH>No</ISSTXNONREALIZEDVCH>
      <ISEXCISEMANUFACTURERON>No</ISEXCISEMANUFACTURERON>
      <ISBLANKCHEQUE>No</ISBLANKCHEQUE>
      <ISVOID>No</ISVOID>
      <ISONHOLD>No</ISONHOLD>
      <ORDERLINESTATUS>No</ORDERLINESTATUS>
      <VATISAGNSTCANCSALES>No</VATISAGNSTCANCSALES>
      <VATISPURCEXEMPTED>No</VATISPURCEXEMPTED>
      <ISVATRESTAXINVOICE>No</ISVATRESTAXINVOICE>
      <VATISASSESABLECALCVCH>No</VATISASSESABLECALCVCH>
      <ISVATDUTYPAID>Yes</ISVATDUTYPAID>
      <ISDELIVERYSAMEASCONSIGNEE>No</ISDELIVERYSAMEASCONSIGNEE>
      <ISDISPATCHSAMEASCONSIGNOR>No</ISDISPATCHSAMEASCONSIGNOR>
      <ISDELETED>No</ISDELETED>
      <CHANGEVCHMODE>No</CHANGEVCHMODE>
      <ALTERID> 6</ALTERID>
      <MASTERID> 6</MASTERID>
      <VOUCHERKEY>191860484079624</VOUCHERKEY>
      <EXCLUDEDTAXATIONS.LIST>      </EXCLUDEDTAXATIONS.LIST>
      <OLDAUDITENTRIES.LIST>      </OLDAUDITENTRIES.LIST>
      <ACCOUNTAUDITENTRIES.LIST>      </ACCOUNTAUDITENTRIES.LIST>
      <AUDITENTRIES.LIST>      </AUDITENTRIES.LIST>
      <DUTYHEADDETAILS.LIST>      </DUTYHEADDETAILS.LIST>
      <SUPPLEMENTARYDUTYHEADDETAILS.LIST>      </SUPPLEMENTARYDUTYHEADDETAILS.LIST>
      <EWAYBILLDETAILS.LIST>      </EWAYBILLDETAILS.LIST>
      <INVOICEDELNOTES.LIST>      </INVOICEDELNOTES.LIST>
      <INVOICEORDERLIST.LIST>      </INVOICEORDERLIST.LIST>
      <INVOICEINDENTLIST.LIST>      </INVOICEINDENTLIST.LIST>
      <ATTENDANCEENTRIES.LIST>      </ATTENDANCEENTRIES.LIST>
      <ORIGINVOICEDETAILS.LIST>      </ORIGINVOICEDETAILS.LIST>
      <INVOICEEXPORTLIST.LIST>      </INVOICEEXPORTLIST.LIST>
      <ALLLEDGERENTRIES.LIST>
       <OLDAUDITENTRYIDS.LIST TYPE="Number">
        <OLDAUDITENTRYIDS>-1</OLDAUDITENTRYIDS>
       </OLDAUDITENTRYIDS.LIST>
       <LEDGERNAME>Anant Defence Systems Pvt.Ltd.</LEDGERNAME>
       <GSTCLASS/>
       <ISDEEMEDPOSITIVE>Yes</ISDEEMEDPOSITIVE>
       <LEDGERFROMITEM>No</LEDGERFROMITEM>
       <REMOVEZEROENTRIES>No</REMOVEZEROENTRIES>
       <ISPARTYLEDGER>Yes</ISPARTYLEDGER>
       <ISLASTDEEMEDPOSITIVE>Yes</ISLASTDEEMEDPOSITIVE>
       <ISCAPVATTAXALTERED>No</ISCAPVATTAXALTERED>
       <ISCAPVATNOTCLAIMED>No</ISCAPVATNOTCLAIMED>
       <AMOUNT>-26196.00</AMOUNT>
       <VATEXPAMOUNT>-26196.00</VATEXPAMOUNT>
       <SERVICETAXDETAILS.LIST>       </SERVICETAXDETAILS.LIST>
       <BANKALLOCATIONS.LIST>       </BANKALLOCATIONS.LIST>
       <BILLALLOCATIONS.LIST>
        <NAME>1</NAME>
        <BILLTYPE>Agst Ref</BILLTYPE>
        <TDSDEDUCTEEISSPECIALRATE>No</TDSDEDUCTEEISSPECIALRATE>
        <AMOUNT>-26196.00</AMOUNT>
        <INTERESTCOLLECTION.LIST>        </INTERESTCOLLECTION.LIST>
        <STBILLCATEGORIES.LIST>        </STBILLCATEGORIES.LIST>
       </BILLALLOCATIONS.LIST>
       <INTERESTCOLLECTION.LIST>       </INTERESTCOLLECTION.LIST>
       <OLDAUDITENTRIES.LIST>       </OLDAUDITENTRIES.LIST>
       <ACCOUNTAUDITENTRIES.LIST>       </ACCOUNTAUDITENTRIES.LIST>
       <AUDITENTRIES.LIST>       </AUDITENTRIES.LIST>
       <INPUTCRALLOCS.LIST>       </INPUTCRALLOCS.LIST>
       <DUTYHEADDETAILS.LIST>       </DUTYHEADDETAILS.LIST>
       <EXCISEDUTYHEADDETAILS.LIST>       </EXCISEDUTYHEADDETAILS.LIST>
       <RATEDETAILS.LIST>       </RATEDETAILS.LIST>
       <SUMMARYALLOCS.LIST>       </SUMMARYALLOCS.LIST>
       <STPYMTDETAILS.LIST>       </STPYMTDETAILS.LIST>
       <EXCISEPAYMENTALLOCATIONS.LIST>       </EXCISEPAYMENTALLOCATIONS.LIST>
       <TAXBILLALLOCATIONS.LIST>       </TAXBILLALLOCATIONS.LIST>
       <TAXOBJECTALLOCATIONS.LIST>       </TAXOBJECTALLOCATIONS.LIST>
       <TDSEXPENSEALLOCATIONS.LIST>       </TDSEXPENSEALLOCATIONS.LIST>
       <VATSTATUTORYDETAILS.LIST>       </VATSTATUTORYDETAILS.LIST>
       <COSTTRACKALLOCATIONS.LIST>       </COSTTRACKALLOCATIONS.LIST>
       <REFVOUCHERDETAILS.LIST>       </REFVOUCHERDETAILS.LIST>
       <INVOICEWISEDETAILS.LIST>       </INVOICEWISEDETAILS.LIST>
       <VATITCDETAILS.LIST>       </VATITCDETAILS.LIST>
       <ADVANCETAXDETAILS.LIST>       </ADVANCETAXDETAILS.LIST>
      </ALLLEDGERENTRIES.LIST>
      <ALLLEDGERENTRIES.LIST>
       <OLDAUDITENTRYIDS.LIST TYPE="Number">
        <OLDAUDITENTRYIDS>-1</OLDAUDITENTRYIDS>
       </OLDAUDITENTRYIDS.LIST>
       <LEDGERNAME>Sales</LEDGERNAME>
       <GSTCLASS/>
       <ISDEEMEDPOSITIVE>No</ISDEEMEDPOSITIVE>
       <LEDGERFROMITEM>No</LEDGERFROMITEM>
       <REMOVEZEROENTRIES>No</REMOVEZEROENTRIES>
       <ISPARTYLEDGER>No</ISPARTYLEDGER>
       <ISLASTDEEMEDPOSITIVE>No</ISLASTDEEMEDPOSITIVE>
       <ISCAPVATTAXALTERED>No</ISCAPVATTAXALTERED>
       <ISCAPVATNOTCLAIMED>No</ISCAPVATNOTCLAIMED>
       <AMOUNT>22200.00</AMOUNT>
       <VATEXPAMOUNT>22200.00</VATEXPAMOUNT>
       <SERVICETAXDETAILS.LIST>       </SERVICETAXDETAILS.LIST>
       <BANKALLOCATIONS.LIST>       </BANKALLOCATIONS.LIST>
       <BILLALLOCATIONS.LIST>       </BILLALLOCATIONS.LIST>
       <INTERESTCOLLECTION.LIST>       </INTERESTCOLLECTION.LIST>
       <OLDAUDITENTRIES.LIST>       </OLDAUDITENTRIES.LIST>
       <ACCOUNTAUDITENTRIES.LIST>       </ACCOUNTAUDITENTRIES.LIST>
       <AUDITENTRIES.LIST>       </AUDITENTRIES.LIST>
       <INPUTCRALLOCS.LIST>       </INPUTCRALLOCS.LIST>
       <DUTYHEADDETAILS.LIST>       </DUTYHEADDETAILS.LIST>
       <EXCISEDUTYHEADDETAILS.LIST>       </EXCISEDUTYHEADDETAILS.LIST>
       <RATEDETAILS.LIST>       </RATEDETAILS.LIST>
       <SUMMARYALLOCS.LIST>       </SUMMARYALLOCS.LIST>
       <STPYMTDETAILS.LIST>       </STPYMTDETAILS.LIST>
       <EXCISEPAYMENTALLOCATIONS.LIST>       </EXCISEPAYMENTALLOCATIONS.LIST>
       <TAXBILLALLOCATIONS.LIST>       </TAXBILLALLOCATIONS.LIST>
       <TAXOBJECTALLOCATIONS.LIST>       </TAXOBJECTALLOCATIONS.LIST>
       <TDSEXPENSEALLOCATIONS.LIST>       </TDSEXPENSEALLOCATIONS.LIST>
       <VATSTATUTORYDETAILS.LIST>       </VATSTATUTORYDETAILS.LIST>
       <COSTTRACKALLOCATIONS.LIST>       </COSTTRACKALLOCATIONS.LIST>
       <REFVOUCHERDETAILS.LIST>       </REFVOUCHERDETAILS.LIST>
       <INVOICEWISEDETAILS.LIST>       </INVOICEWISEDETAILS.LIST>
       <VATITCDETAILS.LIST>       </VATITCDETAILS.LIST>
       <ADVANCETAXDETAILS.LIST>       </ADVANCETAXDETAILS.LIST>
      </ALLLEDGERENTRIES.LIST>
      <ALLLEDGERENTRIES.LIST>
       <OLDAUDITENTRYIDS.LIST TYPE="Number">
        <OLDAUDITENTRYIDS>-1</OLDAUDITENTRYIDS>
       </OLDAUDITENTRYIDS.LIST>
       <BASICRATEOFINVOICETAX.LIST TYPE="Number">
        <BASICRATEOFINVOICETAX> 9</BASICRATEOFINVOICETAX>
       </BASICRATEOFINVOICETAX.LIST>
       <ROUNDTYPE/>
       <LEDGERNAME>Output CGST @18%</LEDGERNAME>
       <GSTCLASS/>
       <ISDEEMEDPOSITIVE>No</ISDEEMEDPOSITIVE>
       <LEDGERFROMITEM>No</LEDGERFROMITEM>
       <REMOVEZEROENTRIES>No</REMOVEZEROENTRIES>
       <ISPARTYLEDGER>No</ISPARTYLEDGER>
       <ISLASTDEEMEDPOSITIVE>No</ISLASTDEEMEDPOSITIVE>
       <ISCAPVATTAXALTERED>No</ISCAPVATTAXALTERED>
       <ISCAPVATNOTCLAIMED>No</ISCAPVATNOTCLAIMED>
       <AMOUNT>1998.00</AMOUNT>
       <VATEXPAMOUNT>1998.00</VATEXPAMOUNT>
       <SERVICETAXDETAILS.LIST>       </SERVICETAXDETAILS.LIST>
       <BANKALLOCATIONS.LIST>       </BANKALLOCATIONS.LIST>
       <BILLALLOCATIONS.LIST>       </BILLALLOCATIONS.LIST>
       <INTERESTCOLLECTION.LIST>       </INTERESTCOLLECTION.LIST>
       <OLDAUDITENTRIES.LIST>       </OLDAUDITENTRIES.LIST>
       <ACCOUNTAUDITENTRIES.LIST>       </ACCOUNTAUDITENTRIES.LIST>
       <AUDITENTRIES.LIST>       </AUDITENTRIES.LIST>
       <INPUTCRALLOCS.LIST>       </INPUTCRALLOCS.LIST>
       <DUTYHEADDETAILS.LIST>       </DUTYHEADDETAILS.LIST>
       <EXCISEDUTYHEADDETAILS.LIST>       </EXCISEDUTYHEADDETAILS.LIST>
       <RATEDETAILS.LIST>       </RATEDETAILS.LIST>
       <SUMMARYALLOCS.LIST>       </SUMMARYALLOCS.LIST>
       <STPYMTDETAILS.LIST>       </STPYMTDETAILS.LIST>
       <EXCISEPAYMENTALLOCATIONS.LIST>       </EXCISEPAYMENTALLOCATIONS.LIST>
       <TAXBILLALLOCATIONS.LIST>       </TAXBILLALLOCATIONS.LIST>
       <TAXOBJECTALLOCATIONS.LIST>       </TAXOBJECTALLOCATIONS.LIST>
       <TDSEXPENSEALLOCATIONS.LIST>       </TDSEXPENSEALLOCATIONS.LIST>
       <VATSTATUTORYDETAILS.LIST>       </VATSTATUTORYDETAILS.LIST>
       <COSTTRACKALLOCATIONS.LIST>       </COSTTRACKALLOCATIONS.LIST>
       <REFVOUCHERDETAILS.LIST>       </REFVOUCHERDETAILS.LIST>
       <INVOICEWISEDETAILS.LIST>       </INVOICEWISEDETAILS.LIST>
       <VATITCDETAILS.LIST>       </VATITCDETAILS.LIST>
       <ADVANCETAXDETAILS.LIST>       </ADVANCETAXDETAILS.LIST>
      </ALLLEDGERENTRIES.LIST>
      <ALLLEDGERENTRIES.LIST>
       <OLDAUDITENTRYIDS.LIST TYPE="Number">
        <OLDAUDITENTRYIDS>-1</OLDAUDITENTRYIDS>
       </OLDAUDITENTRYIDS.LIST>
       <BASICRATEOFINVOICETAX.LIST TYPE="Number">
        <BASICRATEOFINVOICETAX> 9</BASICRATEOFINVOICETAX>
       </BASICRATEOFINVOICETAX.LIST>
       <ROUNDTYPE/>
       <LEDGERNAME>Output SGST @18%</LEDGERNAME>
       <GSTCLASS/>
       <ISDEEMEDPOSITIVE>No</ISDEEMEDPOSITIVE>
       <LEDGERFROMITEM>No</LEDGERFROMITEM>
       <REMOVEZEROENTRIES>No</REMOVEZEROENTRIES>
       <ISPARTYLEDGER>No</ISPARTYLEDGER>
       <ISLASTDEEMEDPOSITIVE>No</ISLASTDEEMEDPOSITIVE>
       <ISCAPVATTAXALTERED>No</ISCAPVATTAXALTERED>
       <ISCAPVATNOTCLAIMED>No</ISCAPVATNOTCLAIMED>
       <AMOUNT>1998.00</AMOUNT>
       <VATEXPAMOUNT>1998.00</VATEXPAMOUNT>
       <SERVICETAXDETAILS.LIST>       </SERVICETAXDETAILS.LIST>
       <BANKALLOCATIONS.LIST>       </BANKALLOCATIONS.LIST>
       <BILLALLOCATIONS.LIST>       </BILLALLOCATIONS.LIST>
       <INTERESTCOLLECTION.LIST>       </INTERESTCOLLECTION.LIST>
       <OLDAUDITENTRIES.LIST>       </OLDAUDITENTRIES.LIST>
       <ACCOUNTAUDITENTRIES.LIST>       </ACCOUNTAUDITENTRIES.LIST>
       <AUDITENTRIES.LIST>       </AUDITENTRIES.LIST>
       <INPUTCRALLOCS.LIST>       </INPUTCRALLOCS.LIST>
       <DUTYHEADDETAILS.LIST>       </DUTYHEADDETAILS.LIST>
       <EXCISEDUTYHEADDETAILS.LIST>       </EXCISEDUTYHEADDETAILS.LIST>
       <RATEDETAILS.LIST>       </RATEDETAILS.LIST>
       <SUMMARYALLOCS.LIST>       </SUMMARYALLOCS.LIST>
       <STPYMTDETAILS.LIST>       </STPYMTDETAILS.LIST>
       <EXCISEPAYMENTALLOCATIONS.LIST>       </EXCISEPAYMENTALLOCATIONS.LIST>
       <TAXBILLALLOCATIONS.LIST>       </TAXBILLALLOCATIONS.LIST>
       <TAXOBJECTALLOCATIONS.LIST>       </TAXOBJECTALLOCATIONS.LIST>
       <TDSEXPENSEALLOCATIONS.LIST>       </TDSEXPENSEALLOCATIONS.LIST>
       <VATSTATUTORYDETAILS.LIST>       </VATSTATUTORYDETAILS.LIST>
       <COSTTRACKALLOCATIONS.LIST>       </COSTTRACKALLOCATIONS.LIST>
       <REFVOUCHERDETAILS.LIST>       </REFVOUCHERDETAILS.LIST>
       <INVOICEWISEDETAILS.LIST>       </INVOICEWISEDETAILS.LIST>
       <VATITCDETAILS.LIST>       </VATITCDETAILS.LIST>
       <ADVANCETAXDETAILS.LIST>       </ADVANCETAXDETAILS.LIST>
      </ALLLEDGERENTRIES.LIST>
      <PAYROLLMODEOFPAYMENT.LIST>      </PAYROLLMODEOFPAYMENT.LIST>
      <ATTDRECORDS.LIST>      </ATTDRECORDS.LIST>
      <GSTEWAYCONSIGNORADDRESS.LIST>      </GSTEWAYCONSIGNORADDRESS.LIST>
      <GSTEWAYCONSIGNEEADDRESS.LIST>      </GSTEWAYCONSIGNEEADDRESS.LIST>
      <TEMPGSTRATEDETAILS.LIST>      </TEMPGSTRATEDETAILS.LIST>
     </VOUCHER>
    </TALLYMESSAGE>
    <TALLYMESSAGE xmlns:UDF="TallyUDF">
     <VOUCHER REMOTEID="9987e5b6-c5a4-486f-8ce0-807a06d6dc8c-00000007" VCHKEY="9987e5b6-c5a4-486f-8ce0-807a06d6dc8c-0000ae80:00000008" VCHTYPE="Sales" ACTION="Create" OBJVIEW="Accounting Voucher View">
      <BASICBUYERADDRESS.LIST TYPE="String">
       <BASICBUYERADDRESS>djkfhkjsdf&#13;&#10;</BASICBUYERADDRESS>
       <BASICBUYERADDRESS>djkfhkjsdf&#13;&#10;</BASICBUYERADDRESS>
       <BASICBUYERADDRESS>djkfhkjsdf&#13;&#10;</BASICBUYERADDRESS>
       <BASICBUYERADDRESS>djkfhkjsdf&#13;&#10;</BASICBUYERADDRESS>
      </BASICBUYERADDRESS.LIST>
      <OLDAUDITENTRYIDS.LIST TYPE="Number">
       <OLDAUDITENTRYIDS>-1</OLDAUDITENTRYIDS>
      </OLDAUDITENTRYIDS.LIST>
      <DATE>20220422</DATE>
      <GUID>9987e5b6-c5a4-486f-8ce0-807a06d6dc8c-00000007</GUID>
      <STATENAME>Maharashtra</STATENAME>
      <NARRATION>05/22-30</NARRATION>
      <COUNTRYOFRESIDENCE>India</COUNTRYOFRESIDENCE>
      <PARTYGSTIN>27AALFD0074E1ZO&#13;&#10;</PARTYGSTIN>
      <VOUCHERTYPENAME>Sales</VOUCHERTYPENAME>
      <REFERENCE>6875641-fgdf</REFERENCE>
      <VOUCHERNUMBER>3</VOUCHERNUMBER>
      <PARTYLEDGERNAME>Anant Defence Systems Pvt.Ltd.</PARTYLEDGERNAME>
      <BASICBASEPARTYNAME>Anant Defence Systems Pvt.Ltd.</BASICBASEPARTYNAME>
      <CSTFORMISSUETYPE/>
      <CSTFORMRECVTYPE/>
      <FBTPAYMENTTYPE>Default</FBTPAYMENTTYPE>
      <PERSISTEDVIEW>Accounting Voucher View</PERSISTEDVIEW>
      <PLACEOFSUPPLY>Maharashtra</PLACEOFSUPPLY>
      <BASICBUYERNAME>Anant Defence Systems Pvt.Ltd.</BASICBUYERNAME>
      <BASICDATETIMEOFINVOICE>20-Apr-2022 at 13:34</BASICDATETIMEOFINVOICE>
      <BASICDATETIMEOFREMOVAL>20-Apr-2022 at 13:34</BASICDATETIMEOFREMOVAL>
      <VCHGSTCLASS/>
      <DIFFACTUALQTY>No</DIFFACTUALQTY>
      <ISMSTFROMSYNC>No</ISMSTFROMSYNC>
      <ASORIGINAL>No</ASORIGINAL>
      <AUDITED>No</AUDITED>
      <FORJOBCOSTING>No</FORJOBCOSTING>
      <ISOPTIONAL>No</ISOPTIONAL>
      <EFFECTIVEDATE>20220422</EFFECTIVEDATE>
      <USEFOREXCISE>No</USEFOREXCISE>
      <ISFORJOBWORKIN>No</ISFORJOBWORKIN>
      <ALLOWCONSUMPTION>No</ALLOWCONSUMPTION>
      <USEFORINTEREST>No</USEFORINTEREST>
      <USEFORGAINLOSS>No</USEFORGAINLOSS>
      <USEFORGODOWNTRANSFER>No</USEFORGODOWNTRANSFER>
      <USEFORCOMPOUND>No</USEFORCOMPOUND>
      <USEFORSERVICETAX>No</USEFORSERVICETAX>
      <ISEXCISEVOUCHER>No</ISEXCISEVOUCHER>
      <EXCISETAXOVERRIDE>No</EXCISETAXOVERRIDE>
      <USEFORTAXUNITTRANSFER>No</USEFORTAXUNITTRANSFER>
      <IGNOREPOSVALIDATION>No</IGNOREPOSVALIDATION>
      <EXCISEOPENING>No</EXCISEOPENING>
      <USEFORFINALPRODUCTION>No</USEFORFINALPRODUCTION>
      <ISTDSOVERRIDDEN>No</ISTDSOVERRIDDEN>
      <ISTCSOVERRIDDEN>No</ISTCSOVERRIDDEN>
      <ISTDSTCSCASHVCH>No</ISTDSTCSCASHVCH>
      <INCLUDEADVPYMTVCH>No</INCLUDEADVPYMTVCH>
      <ISSUBWORKSCONTRACT>No</ISSUBWORKSCONTRACT>
      <ISVATOVERRIDDEN>No</ISVATOVERRIDDEN>
      <IGNOREORIGVCHDATE>No</IGNOREORIGVCHDATE>
      <ISVATPAIDATCUSTOMS>No</ISVATPAIDATCUSTOMS>
      <ISDECLAREDTOCUSTOMS>No</ISDECLAREDTOCUSTOMS>
      <ISSERVICETAXOVERRIDDEN>No</ISSERVICETAXOVERRIDDEN>
      <ISISDVOUCHER>No</ISISDVOUCHER>
      <ISEXCISEOVERRIDDEN>No</ISEXCISEOVERRIDDEN>
      <ISEXCISESUPPLYVCH>No</ISEXCISESUPPLYVCH>
      <ISGSTOVERRIDDEN>No</ISGSTOVERRIDDEN>
      <GSTNOTEXPORTED>No</GSTNOTEXPORTED>
      <IGNOREGSTINVALIDATION>No</IGNOREGSTINVALIDATION>
      <ISVATPRINCIPALACCOUNT>No</ISVATPRINCIPALACCOUNT>
      <ISBOENOTAPPLICABLE>No</ISBOENOTAPPLICABLE>
      <ISSHIPPINGWITHINSTATE>No</ISSHIPPINGWITHINSTATE>
      <ISOVERSEASTOURISTTRANS>No</ISOVERSEASTOURISTTRANS>
      <ISDESIGNATEDZONEPARTY>No</ISDESIGNATEDZONEPARTY>
      <ISCANCELLED>No</ISCANCELLED>
      <HASCASHFLOW>No</HASCASHFLOW>
      <ISPOSTDATED>No</ISPOSTDATED>
      <USETRACKINGNUMBER>No</USETRACKINGNUMBER>
      <ISINVOICE>No</ISINVOICE>
      <MFGJOURNAL>No</MFGJOURNAL>
      <HASDISCOUNTS>No</HASDISCOUNTS>
      <ASPAYSLIP>No</ASPAYSLIP>
      <ISCOSTCENTRE>No</ISCOSTCENTRE>
      <ISSTXNONREALIZEDVCH>No</ISSTXNONREALIZEDVCH>
      <ISEXCISEMANUFACTURERON>No</ISEXCISEMANUFACTURERON>
      <ISBLANKCHEQUE>No</ISBLANKCHEQUE>
      <ISVOID>No</ISVOID>
      <ISONHOLD>No</ISONHOLD>
      <ORDERLINESTATUS>No</ORDERLINESTATUS>
      <VATISAGNSTCANCSALES>No</VATISAGNSTCANCSALES>
      <VATISPURCEXEMPTED>No</VATISPURCEXEMPTED>
      <ISVATRESTAXINVOICE>No</ISVATRESTAXINVOICE>
      <VATISASSESABLECALCVCH>No</VATISASSESABLECALCVCH>
      <ISVATDUTYPAID>Yes</ISVATDUTYPAID>
      <ISDELIVERYSAMEASCONSIGNEE>No</ISDELIVERYSAMEASCONSIGNEE>
      <ISDISPATCHSAMEASCONSIGNOR>No</ISDISPATCHSAMEASCONSIGNOR>
      <ISDELETED>No</ISDELETED>
      <CHANGEVCHMODE>No</CHANGEVCHMODE>
      <ALTERID> 7</ALTERID>
      <MASTERID> 7</MASTERID>
      <VOUCHERKEY>191864779046920</VOUCHERKEY>
      <EXCLUDEDTAXATIONS.LIST>      </EXCLUDEDTAXATIONS.LIST>
      <OLDAUDITENTRIES.LIST>      </OLDAUDITENTRIES.LIST>
      <ACCOUNTAUDITENTRIES.LIST>      </ACCOUNTAUDITENTRIES.LIST>
      <AUDITENTRIES.LIST>      </AUDITENTRIES.LIST>
      <DUTYHEADDETAILS.LIST>      </DUTYHEADDETAILS.LIST>
      <SUPPLEMENTARYDUTYHEADDETAILS.LIST>      </SUPPLEMENTARYDUTYHEADDETAILS.LIST>
      <EWAYBILLDETAILS.LIST>      </EWAYBILLDETAILS.LIST>
      <INVOICEDELNOTES.LIST>      </INVOICEDELNOTES.LIST>
      <INVOICEORDERLIST.LIST>      </INVOICEORDERLIST.LIST>
      <INVOICEINDENTLIST.LIST>      </INVOICEINDENTLIST.LIST>
      <ATTENDANCEENTRIES.LIST>      </ATTENDANCEENTRIES.LIST>
      <ORIGINVOICEDETAILS.LIST>      </ORIGINVOICEDETAILS.LIST>
      <INVOICEEXPORTLIST.LIST>      </INVOICEEXPORTLIST.LIST>
      <ALLLEDGERENTRIES.LIST>
       <OLDAUDITENTRYIDS.LIST TYPE="Number">
        <OLDAUDITENTRYIDS>-1</OLDAUDITENTRYIDS>
       </OLDAUDITENTRYIDS.LIST>
       <LEDGERNAME>Anant Defence Systems Pvt.Ltd.</LEDGERNAME>
       <GSTCLASS/>
       <ISDEEMEDPOSITIVE>Yes</ISDEEMEDPOSITIVE>
       <LEDGERFROMITEM>No</LEDGERFROMITEM>
       <REMOVEZEROENTRIES>No</REMOVEZEROENTRIES>
       <ISPARTYLEDGER>Yes</ISPARTYLEDGER>
       <ISLASTDEEMEDPOSITIVE>Yes</ISLASTDEEMEDPOSITIVE>
       <ISCAPVATTAXALTERED>No</ISCAPVATTAXALTERED>
       <ISCAPVATNOTCLAIMED>No</ISCAPVATNOTCLAIMED>
       <AMOUNT>-12272.00</AMOUNT>
       <VATEXPAMOUNT>-12272.00</VATEXPAMOUNT>
       <SERVICETAXDETAILS.LIST>       </SERVICETAXDETAILS.LIST>
       <BANKALLOCATIONS.LIST>       </BANKALLOCATIONS.LIST>
       <BILLALLOCATIONS.LIST>
        <NAME>2</NAME>
        <BILLTYPE>New Ref</BILLTYPE>
        <TDSDEDUCTEEISSPECIALRATE>No</TDSDEDUCTEEISSPECIALRATE>
        <AMOUNT>-12272.00</AMOUNT>
        <INTERESTCOLLECTION.LIST>        </INTERESTCOLLECTION.LIST>
        <STBILLCATEGORIES.LIST>        </STBILLCATEGORIES.LIST>
       </BILLALLOCATIONS.LIST>
       <INTERESTCOLLECTION.LIST>       </INTERESTCOLLECTION.LIST>
       <OLDAUDITENTRIES.LIST>       </OLDAUDITENTRIES.LIST>
       <ACCOUNTAUDITENTRIES.LIST>       </ACCOUNTAUDITENTRIES.LIST>
       <AUDITENTRIES.LIST>       </AUDITENTRIES.LIST>
       <INPUTCRALLOCS.LIST>       </INPUTCRALLOCS.LIST>
       <DUTYHEADDETAILS.LIST>       </DUTYHEADDETAILS.LIST>
       <EXCISEDUTYHEADDETAILS.LIST>       </EXCISEDUTYHEADDETAILS.LIST>
       <RATEDETAILS.LIST>       </RATEDETAILS.LIST>
       <SUMMARYALLOCS.LIST>       </SUMMARYALLOCS.LIST>
       <STPYMTDETAILS.LIST>       </STPYMTDETAILS.LIST>
       <EXCISEPAYMENTALLOCATIONS.LIST>       </EXCISEPAYMENTALLOCATIONS.LIST>
       <TAXBILLALLOCATIONS.LIST>       </TAXBILLALLOCATIONS.LIST>
       <TAXOBJECTALLOCATIONS.LIST>       </TAXOBJECTALLOCATIONS.LIST>
       <TDSEXPENSEALLOCATIONS.LIST>       </TDSEXPENSEALLOCATIONS.LIST>
       <VATSTATUTORYDETAILS.LIST>       </VATSTATUTORYDETAILS.LIST>
       <COSTTRACKALLOCATIONS.LIST>       </COSTTRACKALLOCATIONS.LIST>
       <REFVOUCHERDETAILS.LIST>       </REFVOUCHERDETAILS.LIST>
       <INVOICEWISEDETAILS.LIST>       </INVOICEWISEDETAILS.LIST>
       <VATITCDETAILS.LIST>       </VATITCDETAILS.LIST>
       <ADVANCETAXDETAILS.LIST>       </ADVANCETAXDETAILS.LIST>
      </ALLLEDGERENTRIES.LIST>
      <ALLLEDGERENTRIES.LIST>
       <OLDAUDITENTRYIDS.LIST TYPE="Number">
        <OLDAUDITENTRYIDS>-1</OLDAUDITENTRYIDS>
       </OLDAUDITENTRYIDS.LIST>
       <LEDGERNAME>Sales</LEDGERNAME>
       <GSTCLASS/>
       <ISDEEMEDPOSITIVE>No</ISDEEMEDPOSITIVE>
       <LEDGERFROMITEM>No</LEDGERFROMITEM>
       <REMOVEZEROENTRIES>No</REMOVEZEROENTRIES>
       <ISPARTYLEDGER>No</ISPARTYLEDGER>
       <ISLASTDEEMEDPOSITIVE>No</ISLASTDEEMEDPOSITIVE>
       <ISCAPVATTAXALTERED>No</ISCAPVATTAXALTERED>
       <ISCAPVATNOTCLAIMED>No</ISCAPVATNOTCLAIMED>
       <AMOUNT>10400.00</AMOUNT>
       <VATEXPAMOUNT>10400.00</VATEXPAMOUNT>
       <SERVICETAXDETAILS.LIST>       </SERVICETAXDETAILS.LIST>
       <BANKALLOCATIONS.LIST>       </BANKALLOCATIONS.LIST>
       <BILLALLOCATIONS.LIST>       </BILLALLOCATIONS.LIST>
       <INTERESTCOLLECTION.LIST>       </INTERESTCOLLECTION.LIST>
       <OLDAUDITENTRIES.LIST>       </OLDAUDITENTRIES.LIST>
       <ACCOUNTAUDITENTRIES.LIST>       </ACCOUNTAUDITENTRIES.LIST>
       <AUDITENTRIES.LIST>       </AUDITENTRIES.LIST>
       <INPUTCRALLOCS.LIST>       </INPUTCRALLOCS.LIST>
       <DUTYHEADDETAILS.LIST>       </DUTYHEADDETAILS.LIST>
       <EXCISEDUTYHEADDETAILS.LIST>       </EXCISEDUTYHEADDETAILS.LIST>
       <RATEDETAILS.LIST>       </RATEDETAILS.LIST>
       <SUMMARYALLOCS.LIST>       </SUMMARYALLOCS.LIST>
       <STPYMTDETAILS.LIST>       </STPYMTDETAILS.LIST>
       <EXCISEPAYMENTALLOCATIONS.LIST>       </EXCISEPAYMENTALLOCATIONS.LIST>
       <TAXBILLALLOCATIONS.LIST>       </TAXBILLALLOCATIONS.LIST>
       <TAXOBJECTALLOCATIONS.LIST>       </TAXOBJECTALLOCATIONS.LIST>
       <TDSEXPENSEALLOCATIONS.LIST>       </TDSEXPENSEALLOCATIONS.LIST>
       <VATSTATUTORYDETAILS.LIST>       </VATSTATUTORYDETAILS.LIST>
       <COSTTRACKALLOCATIONS.LIST>       </COSTTRACKALLOCATIONS.LIST>
       <REFVOUCHERDETAILS.LIST>       </REFVOUCHERDETAILS.LIST>
       <INVOICEWISEDETAILS.LIST>       </INVOICEWISEDETAILS.LIST>
       <VATITCDETAILS.LIST>       </VATITCDETAILS.LIST>
       <ADVANCETAXDETAILS.LIST>       </ADVANCETAXDETAILS.LIST>
      </ALLLEDGERENTRIES.LIST>
      <ALLLEDGERENTRIES.LIST>
       <OLDAUDITENTRYIDS.LIST TYPE="Number">
        <OLDAUDITENTRYIDS>-1</OLDAUDITENTRYIDS>
       </OLDAUDITENTRYIDS.LIST>
       <BASICRATEOFINVOICETAX.LIST TYPE="Number">
        <BASICRATEOFINVOICETAX> 9</BASICRATEOFINVOICETAX>
       </BASICRATEOFINVOICETAX.LIST>
       <ROUNDTYPE/>
       <LEDGERNAME>Output CGST @18%</LEDGERNAME>
       <GSTCLASS/>
       <ISDEEMEDPOSITIVE>No</ISDEEMEDPOSITIVE>
       <LEDGERFROMITEM>No</LEDGERFROMITEM>
       <REMOVEZEROENTRIES>No</REMOVEZEROENTRIES>
       <ISPARTYLEDGER>No</ISPARTYLEDGER>
       <ISLASTDEEMEDPOSITIVE>No</ISLASTDEEMEDPOSITIVE>
       <ISCAPVATTAXALTERED>No</ISCAPVATTAXALTERED>
       <ISCAPVATNOTCLAIMED>No</ISCAPVATNOTCLAIMED>
       <AMOUNT>936.00</AMOUNT>
       <VATEXPAMOUNT>936.00</VATEXPAMOUNT>
       <SERVICETAXDETAILS.LIST>       </SERVICETAXDETAILS.LIST>
       <BANKALLOCATIONS.LIST>       </BANKALLOCATIONS.LIST>
       <BILLALLOCATIONS.LIST>       </BILLALLOCATIONS.LIST>
       <INTERESTCOLLECTION.LIST>       </INTERESTCOLLECTION.LIST>
       <OLDAUDITENTRIES.LIST>       </OLDAUDITENTRIES.LIST>
       <ACCOUNTAUDITENTRIES.LIST>       </ACCOUNTAUDITENTRIES.LIST>
       <AUDITENTRIES.LIST>       </AUDITENTRIES.LIST>
       <INPUTCRALLOCS.LIST>       </INPUTCRALLOCS.LIST>
       <DUTYHEADDETAILS.LIST>       </DUTYHEADDETAILS.LIST>
       <EXCISEDUTYHEADDETAILS.LIST>       </EXCISEDUTYHEADDETAILS.LIST>
       <RATEDETAILS.LIST>       </RATEDETAILS.LIST>
       <SUMMARYALLOCS.LIST>       </SUMMARYALLOCS.LIST>
       <STPYMTDETAILS.LIST>       </STPYMTDETAILS.LIST>
       <EXCISEPAYMENTALLOCATIONS.LIST>       </EXCISEPAYMENTALLOCATIONS.LIST>
       <TAXBILLALLOCATIONS.LIST>       </TAXBILLALLOCATIONS.LIST>
       <TAXOBJECTALLOCATIONS.LIST>       </TAXOBJECTALLOCATIONS.LIST>
       <TDSEXPENSEALLOCATIONS.LIST>       </TDSEXPENSEALLOCATIONS.LIST>
       <VATSTATUTORYDETAILS.LIST>       </VATSTATUTORYDETAILS.LIST>
       <COSTTRACKALLOCATIONS.LIST>       </COSTTRACKALLOCATIONS.LIST>
       <REFVOUCHERDETAILS.LIST>       </REFVOUCHERDETAILS.LIST>
       <INVOICEWISEDETAILS.LIST>       </INVOICEWISEDETAILS.LIST>
       <VATITCDETAILS.LIST>       </VATITCDETAILS.LIST>
       <ADVANCETAXDETAILS.LIST>       </ADVANCETAXDETAILS.LIST>
      </ALLLEDGERENTRIES.LIST>
      <ALLLEDGERENTRIES.LIST>
       <OLDAUDITENTRYIDS.LIST TYPE="Number">
        <OLDAUDITENTRYIDS>-1</OLDAUDITENTRYIDS>
       </OLDAUDITENTRYIDS.LIST>
       <BASICRATEOFINVOICETAX.LIST TYPE="Number">
        <BASICRATEOFINVOICETAX> 9</BASICRATEOFINVOICETAX>
       </BASICRATEOFINVOICETAX.LIST>
       <ROUNDTYPE/>
       <LEDGERNAME>Output SGST @18%</LEDGERNAME>
       <GSTCLASS/>
       <ISDEEMEDPOSITIVE>No</ISDEEMEDPOSITIVE>
       <LEDGERFROMITEM>No</LEDGERFROMITEM>
       <REMOVEZEROENTRIES>No</REMOVEZEROENTRIES>
       <ISPARTYLEDGER>No</ISPARTYLEDGER>
       <ISLASTDEEMEDPOSITIVE>No</ISLASTDEEMEDPOSITIVE>
       <ISCAPVATTAXALTERED>No</ISCAPVATTAXALTERED>
       <ISCAPVATNOTCLAIMED>No</ISCAPVATNOTCLAIMED>
       <AMOUNT>936.00</AMOUNT>
       <VATEXPAMOUNT>936.00</VATEXPAMOUNT>
       <SERVICETAXDETAILS.LIST>       </SERVICETAXDETAILS.LIST>
       <BANKALLOCATIONS.LIST>       </BANKALLOCATIONS.LIST>
       <BILLALLOCATIONS.LIST>       </BILLALLOCATIONS.LIST>
       <INTERESTCOLLECTION.LIST>       </INTERESTCOLLECTION.LIST>
       <OLDAUDITENTRIES.LIST>       </OLDAUDITENTRIES.LIST>
       <ACCOUNTAUDITENTRIES.LIST>       </ACCOUNTAUDITENTRIES.LIST>
       <AUDITENTRIES.LIST>       </AUDITENTRIES.LIST>
       <INPUTCRALLOCS.LIST>       </INPUTCRALLOCS.LIST>
       <DUTYHEADDETAILS.LIST>       </DUTYHEADDETAILS.LIST>
       <EXCISEDUTYHEADDETAILS.LIST>       </EXCISEDUTYHEADDETAILS.LIST>
       <RATEDETAILS.LIST>       </RATEDETAILS.LIST>
       <SUMMARYALLOCS.LIST>       </SUMMARYALLOCS.LIST>
       <STPYMTDETAILS.LIST>       </STPYMTDETAILS.LIST>
       <EXCISEPAYMENTALLOCATIONS.LIST>       </EXCISEPAYMENTALLOCATIONS.LIST>
       <TAXBILLALLOCATIONS.LIST>       </TAXBILLALLOCATIONS.LIST>
       <TAXOBJECTALLOCATIONS.LIST>       </TAXOBJECTALLOCATIONS.LIST>
       <TDSEXPENSEALLOCATIONS.LIST>       </TDSEXPENSEALLOCATIONS.LIST>
       <VATSTATUTORYDETAILS.LIST>       </VATSTATUTORYDETAILS.LIST>
       <COSTTRACKALLOCATIONS.LIST>       </COSTTRACKALLOCATIONS.LIST>
       <REFVOUCHERDETAILS.LIST>       </REFVOUCHERDETAILS.LIST>
       <INVOICEWISEDETAILS.LIST>       </INVOICEWISEDETAILS.LIST>
       <VATITCDETAILS.LIST>       </VATITCDETAILS.LIST>
       <ADVANCETAXDETAILS.LIST>       </ADVANCETAXDETAILS.LIST>
      </ALLLEDGERENTRIES.LIST>
      <PAYROLLMODEOFPAYMENT.LIST>      </PAYROLLMODEOFPAYMENT.LIST>
      <ATTDRECORDS.LIST>      </ATTDRECORDS.LIST>
      <GSTEWAYCONSIGNORADDRESS.LIST>      </GSTEWAYCONSIGNORADDRESS.LIST>
      <GSTEWAYCONSIGNEEADDRESS.LIST>      </GSTEWAYCONSIGNEEADDRESS.LIST>
      <TEMPGSTRATEDETAILS.LIST>      </TEMPGSTRATEDETAILS.LIST>
     </VOUCHER>
    </TALLYMESSAGE>
    <TALLYMESSAGE xmlns:UDF="TallyUDF">
     <VOUCHER REMOTEID="9987e5b6-c5a4-486f-8ce0-807a06d6dc8c-00000008" VCHKEY="9987e5b6-c5a4-486f-8ce0-807a06d6dc8c-0000ae81:00000008" VCHTYPE="Sales" ACTION="Create" OBJVIEW="Accounting Voucher View">
      <BASICBUYERADDRESS.LIST TYPE="String">
       <BASICBUYERADDRESS>djkfhkjsdf&#13;&#10;</BASICBUYERADDRESS>
       <BASICBUYERADDRESS>djkfhkjsdf&#13;&#10;</BASICBUYERADDRESS>
       <BASICBUYERADDRESS>djkfhkjsdf&#13;&#10;</BASICBUYERADDRESS>
       <BASICBUYERADDRESS>djkfhkjsdf&#13;&#10;</BASICBUYERADDRESS>
      </BASICBUYERADDRESS.LIST>
      <OLDAUDITENTRYIDS.LIST TYPE="Number">
       <OLDAUDITENTRYIDS>-1</OLDAUDITENTRYIDS>
      </OLDAUDITENTRYIDS.LIST>
      <DATE>20220423</DATE>
      <GUID>9987e5b6-c5a4-486f-8ce0-807a06d6dc8c-00000008</GUID>
      <STATENAME>Maharashtra</STATENAME>
      <NARRATION>06/22-30</NARRATION>
      <COUNTRYOFRESIDENCE>India</COUNTRYOFRESIDENCE>
      <PARTYGSTIN>27AALFD0074E1ZO&#13;&#10;</PARTYGSTIN>
      <VOUCHERTYPENAME>Sales</VOUCHERTYPENAME>
      <REFERENCE>65465</REFERENCE>
      <VOUCHERNUMBER>4</VOUCHERNUMBER>
      <PARTYLEDGERNAME>Anant Defence Systems Pvt.Ltd.</PARTYLEDGERNAME>
      <BASICBASEPARTYNAME>Anant Defence Systems Pvt.Ltd.</BASICBASEPARTYNAME>
      <CSTFORMISSUETYPE/>
      <CSTFORMRECVTYPE/>
      <FBTPAYMENTTYPE>Default</FBTPAYMENTTYPE>
      <PERSISTEDVIEW>Accounting Voucher View</PERSISTEDVIEW>
      <PLACEOFSUPPLY>Maharashtra</PLACEOFSUPPLY>
      <BASICBUYERNAME>Anant Defence Systems Pvt.Ltd.</BASICBUYERNAME>
      <BASICDATETIMEOFINVOICE>20-Apr-2022 at 13:34</BASICDATETIMEOFINVOICE>
      <BASICDATETIMEOFREMOVAL>20-Apr-2022 at 13:34</BASICDATETIMEOFREMOVAL>
      <VCHGSTCLASS/>
      <DIFFACTUALQTY>No</DIFFACTUALQTY>
      <ISMSTFROMSYNC>No</ISMSTFROMSYNC>
      <ASORIGINAL>No</ASORIGINAL>
      <AUDITED>No</AUDITED>
      <FORJOBCOSTING>No</FORJOBCOSTING>
      <ISOPTIONAL>No</ISOPTIONAL>
      <EFFECTIVEDATE>20220423</EFFECTIVEDATE>
      <USEFOREXCISE>No</USEFOREXCISE>
      <ISFORJOBWORKIN>No</ISFORJOBWORKIN>
      <ALLOWCONSUMPTION>No</ALLOWCONSUMPTION>
      <USEFORINTEREST>No</USEFORINTEREST>
      <USEFORGAINLOSS>No</USEFORGAINLOSS>
      <USEFORGODOWNTRANSFER>No</USEFORGODOWNTRANSFER>
      <USEFORCOMPOUND>No</USEFORCOMPOUND>
      <USEFORSERVICETAX>No</USEFORSERVICETAX>
      <ISEXCISEVOUCHER>No</ISEXCISEVOUCHER>
      <EXCISETAXOVERRIDE>No</EXCISETAXOVERRIDE>
      <USEFORTAXUNITTRANSFER>No</USEFORTAXUNITTRANSFER>
      <IGNOREPOSVALIDATION>No</IGNOREPOSVALIDATION>
      <EXCISEOPENING>No</EXCISEOPENING>
      <USEFORFINALPRODUCTION>No</USEFORFINALPRODUCTION>
      <ISTDSOVERRIDDEN>No</ISTDSOVERRIDDEN>
      <ISTCSOVERRIDDEN>No</ISTCSOVERRIDDEN>
      <ISTDSTCSCASHVCH>No</ISTDSTCSCASHVCH>
      <INCLUDEADVPYMTVCH>No</INCLUDEADVPYMTVCH>
      <ISSUBWORKSCONTRACT>No</ISSUBWORKSCONTRACT>
      <ISVATOVERRIDDEN>No</ISVATOVERRIDDEN>
      <IGNOREORIGVCHDATE>No</IGNOREORIGVCHDATE>
      <ISVATPAIDATCUSTOMS>No</ISVATPAIDATCUSTOMS>
      <ISDECLAREDTOCUSTOMS>No</ISDECLAREDTOCUSTOMS>
      <ISSERVICETAXOVERRIDDEN>No</ISSERVICETAXOVERRIDDEN>
      <ISISDVOUCHER>No</ISISDVOUCHER>
      <ISEXCISEOVERRIDDEN>No</ISEXCISEOVERRIDDEN>
      <ISEXCISESUPPLYVCH>No</ISEXCISESUPPLYVCH>
      <ISGSTOVERRIDDEN>No</ISGSTOVERRIDDEN>
      <GSTNOTEXPORTED>No</GSTNOTEXPORTED>
      <IGNOREGSTINVALIDATION>No</IGNOREGSTINVALIDATION>
      <ISVATPRINCIPALACCOUNT>No</ISVATPRINCIPALACCOUNT>
      <ISBOENOTAPPLICABLE>No</ISBOENOTAPPLICABLE>
      <ISSHIPPINGWITHINSTATE>No</ISSHIPPINGWITHINSTATE>
      <ISOVERSEASTOURISTTRANS>No</ISOVERSEASTOURISTTRANS>
      <ISDESIGNATEDZONEPARTY>No</ISDESIGNATEDZONEPARTY>
      <ISCANCELLED>No</ISCANCELLED>
      <HASCASHFLOW>No</HASCASHFLOW>
      <ISPOSTDATED>No</ISPOSTDATED>
      <USETRACKINGNUMBER>No</USETRACKINGNUMBER>
      <ISINVOICE>No</ISINVOICE>
      <MFGJOURNAL>No</MFGJOURNAL>
      <HASDISCOUNTS>No</HASDISCOUNTS>
      <ASPAYSLIP>No</ASPAYSLIP>
      <ISCOSTCENTRE>No</ISCOSTCENTRE>
      <ISSTXNONREALIZEDVCH>No</ISSTXNONREALIZEDVCH>
      <ISEXCISEMANUFACTURERON>No</ISEXCISEMANUFACTURERON>
      <ISBLANKCHEQUE>No</ISBLANKCHEQUE>
      <ISVOID>No</ISVOID>
      <ISONHOLD>No</ISONHOLD>
      <ORDERLINESTATUS>No</ORDERLINESTATUS>
      <VATISAGNSTCANCSALES>No</VATISAGNSTCANCSALES>
      <VATISPURCEXEMPTED>No</VATISPURCEXEMPTED>
      <ISVATRESTAXINVOICE>No</ISVATRESTAXINVOICE>
      <VATISASSESABLECALCVCH>No</VATISASSESABLECALCVCH>
      <ISVATDUTYPAID>Yes</ISVATDUTYPAID>
      <ISDELIVERYSAMEASCONSIGNEE>No</ISDELIVERYSAMEASCONSIGNEE>
      <ISDISPATCHSAMEASCONSIGNOR>No</ISDISPATCHSAMEASCONSIGNOR>
      <ISDELETED>No</ISDELETED>
      <CHANGEVCHMODE>No</CHANGEVCHMODE>
      <ALTERID> 9</ALTERID>
      <MASTERID> 8</MASTERID>
      <VOUCHERKEY>191869074014216</VOUCHERKEY>
      <EXCLUDEDTAXATIONS.LIST>      </EXCLUDEDTAXATIONS.LIST>
      <OLDAUDITENTRIES.LIST>      </OLDAUDITENTRIES.LIST>
      <ACCOUNTAUDITENTRIES.LIST>      </ACCOUNTAUDITENTRIES.LIST>
      <AUDITENTRIES.LIST>      </AUDITENTRIES.LIST>
      <DUTYHEADDETAILS.LIST>      </DUTYHEADDETAILS.LIST>
      <SUPPLEMENTARYDUTYHEADDETAILS.LIST>      </SUPPLEMENTARYDUTYHEADDETAILS.LIST>
      <EWAYBILLDETAILS.LIST>      </EWAYBILLDETAILS.LIST>
      <INVOICEDELNOTES.LIST>      </INVOICEDELNOTES.LIST>
      <INVOICEORDERLIST.LIST>      </INVOICEORDERLIST.LIST>
      <INVOICEINDENTLIST.LIST>      </INVOICEINDENTLIST.LIST>
      <ATTENDANCEENTRIES.LIST>      </ATTENDANCEENTRIES.LIST>
      <ORIGINVOICEDETAILS.LIST>      </ORIGINVOICEDETAILS.LIST>
      <INVOICEEXPORTLIST.LIST>      </INVOICEEXPORTLIST.LIST>
      <ALLLEDGERENTRIES.LIST>
       <OLDAUDITENTRYIDS.LIST TYPE="Number">
        <OLDAUDITENTRYIDS>-1</OLDAUDITENTRYIDS>
       </OLDAUDITENTRYIDS.LIST>
       <LEDGERNAME>Anant Defence Systems Pvt.Ltd.</LEDGERNAME>
       <GSTCLASS/>
       <ISDEEMEDPOSITIVE>Yes</ISDEEMEDPOSITIVE>
       <LEDGERFROMITEM>No</LEDGERFROMITEM>
       <REMOVEZEROENTRIES>No</REMOVEZEROENTRIES>
       <ISPARTYLEDGER>Yes</ISPARTYLEDGER>
       <ISLASTDEEMEDPOSITIVE>Yes</ISLASTDEEMEDPOSITIVE>
       <ISCAPVATTAXALTERED>No</ISCAPVATTAXALTERED>
       <ISCAPVATNOTCLAIMED>No</ISCAPVATNOTCLAIMED>
       <AMOUNT>-118.00</AMOUNT>
       <VATEXPAMOUNT>-118.00</VATEXPAMOUNT>
       <SERVICETAXDETAILS.LIST>       </SERVICETAXDETAILS.LIST>
       <BANKALLOCATIONS.LIST>       </BANKALLOCATIONS.LIST>
       <BILLALLOCATIONS.LIST>
        <NAME>3</NAME>
        <BILLTYPE>New Ref</BILLTYPE>
        <TDSDEDUCTEEISSPECIALRATE>No</TDSDEDUCTEEISSPECIALRATE>
        <AMOUNT>-118.00</AMOUNT>
        <INTERESTCOLLECTION.LIST>        </INTERESTCOLLECTION.LIST>
        <STBILLCATEGORIES.LIST>        </STBILLCATEGORIES.LIST>
       </BILLALLOCATIONS.LIST>
       <INTERESTCOLLECTION.LIST>       </INTERESTCOLLECTION.LIST>
       <OLDAUDITENTRIES.LIST>       </OLDAUDITENTRIES.LIST>
       <ACCOUNTAUDITENTRIES.LIST>       </ACCOUNTAUDITENTRIES.LIST>
       <AUDITENTRIES.LIST>       </AUDITENTRIES.LIST>
       <INPUTCRALLOCS.LIST>       </INPUTCRALLOCS.LIST>
       <DUTYHEADDETAILS.LIST>       </DUTYHEADDETAILS.LIST>
       <EXCISEDUTYHEADDETAILS.LIST>       </EXCISEDUTYHEADDETAILS.LIST>
       <RATEDETAILS.LIST>       </RATEDETAILS.LIST>
       <SUMMARYALLOCS.LIST>       </SUMMARYALLOCS.LIST>
       <STPYMTDETAILS.LIST>       </STPYMTDETAILS.LIST>
       <EXCISEPAYMENTALLOCATIONS.LIST>       </EXCISEPAYMENTALLOCATIONS.LIST>
       <TAXBILLALLOCATIONS.LIST>       </TAXBILLALLOCATIONS.LIST>
       <TAXOBJECTALLOCATIONS.LIST>       </TAXOBJECTALLOCATIONS.LIST>
       <TDSEXPENSEALLOCATIONS.LIST>       </TDSEXPENSEALLOCATIONS.LIST>
       <VATSTATUTORYDETAILS.LIST>       </VATSTATUTORYDETAILS.LIST>
       <COSTTRACKALLOCATIONS.LIST>       </COSTTRACKALLOCATIONS.LIST>
       <REFVOUCHERDETAILS.LIST>       </REFVOUCHERDETAILS.LIST>
       <INVOICEWISEDETAILS.LIST>       </INVOICEWISEDETAILS.LIST>
       <VATITCDETAILS.LIST>       </VATITCDETAILS.LIST>
       <ADVANCETAXDETAILS.LIST>       </ADVANCETAXDETAILS.LIST>
      </ALLLEDGERENTRIES.LIST>
      <ALLLEDGERENTRIES.LIST>
       <OLDAUDITENTRYIDS.LIST TYPE="Number">
        <OLDAUDITENTRYIDS>-1</OLDAUDITENTRYIDS>
       </OLDAUDITENTRYIDS.LIST>
       <LEDGERNAME>Sales</LEDGERNAME>
       <GSTCLASS/>
       <ISDEEMEDPOSITIVE>No</ISDEEMEDPOSITIVE>
       <LEDGERFROMITEM>No</LEDGERFROMITEM>
       <REMOVEZEROENTRIES>No</REMOVEZEROENTRIES>
       <ISPARTYLEDGER>No</ISPARTYLEDGER>
       <ISLASTDEEMEDPOSITIVE>No</ISLASTDEEMEDPOSITIVE>
       <ISCAPVATTAXALTERED>No</ISCAPVATTAXALTERED>
       <ISCAPVATNOTCLAIMED>No</ISCAPVATNOTCLAIMED>
       <AMOUNT>100.00</AMOUNT>
       <VATEXPAMOUNT>100.00</VATEXPAMOUNT>
       <SERVICETAXDETAILS.LIST>       </SERVICETAXDETAILS.LIST>
       <BANKALLOCATIONS.LIST>       </BANKALLOCATIONS.LIST>
       <BILLALLOCATIONS.LIST>       </BILLALLOCATIONS.LIST>
       <INTERESTCOLLECTION.LIST>       </INTERESTCOLLECTION.LIST>
       <OLDAUDITENTRIES.LIST>       </OLDAUDITENTRIES.LIST>
       <ACCOUNTAUDITENTRIES.LIST>       </ACCOUNTAUDITENTRIES.LIST>
       <AUDITENTRIES.LIST>       </AUDITENTRIES.LIST>
       <INPUTCRALLOCS.LIST>       </INPUTCRALLOCS.LIST>
       <DUTYHEADDETAILS.LIST>       </DUTYHEADDETAILS.LIST>
       <EXCISEDUTYHEADDETAILS.LIST>       </EXCISEDUTYHEADDETAILS.LIST>
       <RATEDETAILS.LIST>       </RATEDETAILS.LIST>
       <SUMMARYALLOCS.LIST>       </SUMMARYALLOCS.LIST>
       <STPYMTDETAILS.LIST>       </STPYMTDETAILS.LIST>
       <EXCISEPAYMENTALLOCATIONS.LIST>       </EXCISEPAYMENTALLOCATIONS.LIST>
       <TAXBILLALLOCATIONS.LIST>       </TAXBILLALLOCATIONS.LIST>
       <TAXOBJECTALLOCATIONS.LIST>       </TAXOBJECTALLOCATIONS.LIST>
       <TDSEXPENSEALLOCATIONS.LIST>       </TDSEXPENSEALLOCATIONS.LIST>
       <VATSTATUTORYDETAILS.LIST>       </VATSTATUTORYDETAILS.LIST>
       <COSTTRACKALLOCATIONS.LIST>       </COSTTRACKALLOCATIONS.LIST>
       <REFVOUCHERDETAILS.LIST>       </REFVOUCHERDETAILS.LIST>
       <INVOICEWISEDETAILS.LIST>       </INVOICEWISEDETAILS.LIST>
       <VATITCDETAILS.LIST>       </VATITCDETAILS.LIST>
       <ADVANCETAXDETAILS.LIST>       </ADVANCETAXDETAILS.LIST>
      </ALLLEDGERENTRIES.LIST>
      <ALLLEDGERENTRIES.LIST>
       <OLDAUDITENTRYIDS.LIST TYPE="Number">
        <OLDAUDITENTRYIDS>-1</OLDAUDITENTRYIDS>
       </OLDAUDITENTRYIDS.LIST>
       <BASICRATEOFINVOICETAX.LIST TYPE="Number">
        <BASICRATEOFINVOICETAX> 9</BASICRATEOFINVOICETAX>
       </BASICRATEOFINVOICETAX.LIST>
       <ROUNDTYPE/>
       <LEDGERNAME>Output CGST @18%</LEDGERNAME>
       <GSTCLASS/>
       <ISDEEMEDPOSITIVE>No</ISDEEMEDPOSITIVE>
       <LEDGERFROMITEM>No</LEDGERFROMITEM>
       <REMOVEZEROENTRIES>No</REMOVEZEROENTRIES>
       <ISPARTYLEDGER>No</ISPARTYLEDGER>
       <ISLASTDEEMEDPOSITIVE>No</ISLASTDEEMEDPOSITIVE>
       <ISCAPVATTAXALTERED>No</ISCAPVATTAXALTERED>
       <ISCAPVATNOTCLAIMED>No</ISCAPVATNOTCLAIMED>
       <AMOUNT>9.00</AMOUNT>
       <VATEXPAMOUNT>9.00</VATEXPAMOUNT>
       <SERVICETAXDETAILS.LIST>       </SERVICETAXDETAILS.LIST>
       <BANKALLOCATIONS.LIST>       </BANKALLOCATIONS.LIST>
       <BILLALLOCATIONS.LIST>       </BILLALLOCATIONS.LIST>
       <INTERESTCOLLECTION.LIST>       </INTERESTCOLLECTION.LIST>
       <OLDAUDITENTRIES.LIST>       </OLDAUDITENTRIES.LIST>
       <ACCOUNTAUDITENTRIES.LIST>       </ACCOUNTAUDITENTRIES.LIST>
       <AUDITENTRIES.LIST>       </AUDITENTRIES.LIST>
       <INPUTCRALLOCS.LIST>       </INPUTCRALLOCS.LIST>
       <DUTYHEADDETAILS.LIST>       </DUTYHEADDETAILS.LIST>
       <EXCISEDUTYHEADDETAILS.LIST>       </EXCISEDUTYHEADDETAILS.LIST>
       <RATEDETAILS.LIST>       </RATEDETAILS.LIST>
       <SUMMARYALLOCS.LIST>       </SUMMARYALLOCS.LIST>
       <STPYMTDETAILS.LIST>       </STPYMTDETAILS.LIST>
       <EXCISEPAYMENTALLOCATIONS.LIST>       </EXCISEPAYMENTALLOCATIONS.LIST>
       <TAXBILLALLOCATIONS.LIST>       </TAXBILLALLOCATIONS.LIST>
       <TAXOBJECTALLOCATIONS.LIST>       </TAXOBJECTALLOCATIONS.LIST>
       <TDSEXPENSEALLOCATIONS.LIST>       </TDSEXPENSEALLOCATIONS.LIST>
       <VATSTATUTORYDETAILS.LIST>       </VATSTATUTORYDETAILS.LIST>
       <COSTTRACKALLOCATIONS.LIST>       </COSTTRACKALLOCATIONS.LIST>
       <REFVOUCHERDETAILS.LIST>       </REFVOUCHERDETAILS.LIST>
       <INVOICEWISEDETAILS.LIST>       </INVOICEWISEDETAILS.LIST>
       <VATITCDETAILS.LIST>       </VATITCDETAILS.LIST>
       <ADVANCETAXDETAILS.LIST>       </ADVANCETAXDETAILS.LIST>
      </ALLLEDGERENTRIES.LIST>
      <ALLLEDGERENTRIES.LIST>
       <OLDAUDITENTRYIDS.LIST TYPE="Number">
        <OLDAUDITENTRYIDS>-1</OLDAUDITENTRYIDS>
       </OLDAUDITENTRYIDS.LIST>
       <BASICRATEOFINVOICETAX.LIST TYPE="Number">
        <BASICRATEOFINVOICETAX> 9</BASICRATEOFINVOICETAX>
       </BASICRATEOFINVOICETAX.LIST>
       <ROUNDTYPE/>
       <LEDGERNAME>Output SGST @18%</LEDGERNAME>
       <GSTCLASS/>
       <ISDEEMEDPOSITIVE>No</ISDEEMEDPOSITIVE>
       <LEDGERFROMITEM>No</LEDGERFROMITEM>
       <REMOVEZEROENTRIES>No</REMOVEZEROENTRIES>
       <ISPARTYLEDGER>No</ISPARTYLEDGER>
       <ISLASTDEEMEDPOSITIVE>No</ISLASTDEEMEDPOSITIVE>
       <ISCAPVATTAXALTERED>No</ISCAPVATTAXALTERED>
       <ISCAPVATNOTCLAIMED>No</ISCAPVATNOTCLAIMED>
       <AMOUNT>9.00</AMOUNT>
       <VATEXPAMOUNT>9.00</VATEXPAMOUNT>
       <SERVICETAXDETAILS.LIST>       </SERVICETAXDETAILS.LIST>
       <BANKALLOCATIONS.LIST>       </BANKALLOCATIONS.LIST>
       <BILLALLOCATIONS.LIST>       </BILLALLOCATIONS.LIST>
       <INTERESTCOLLECTION.LIST>       </INTERESTCOLLECTION.LIST>
       <OLDAUDITENTRIES.LIST>       </OLDAUDITENTRIES.LIST>
       <ACCOUNTAUDITENTRIES.LIST>       </ACCOUNTAUDITENTRIES.LIST>
       <AUDITENTRIES.LIST>       </AUDITENTRIES.LIST>
       <INPUTCRALLOCS.LIST>       </INPUTCRALLOCS.LIST>
       <DUTYHEADDETAILS.LIST>       </DUTYHEADDETAILS.LIST>
       <EXCISEDUTYHEADDETAILS.LIST>       </EXCISEDUTYHEADDETAILS.LIST>
       <RATEDETAILS.LIST>       </RATEDETAILS.LIST>
       <SUMMARYALLOCS.LIST>       </SUMMARYALLOCS.LIST>
       <STPYMTDETAILS.LIST>       </STPYMTDETAILS.LIST>
       <EXCISEPAYMENTALLOCATIONS.LIST>       </EXCISEPAYMENTALLOCATIONS.LIST>
       <TAXBILLALLOCATIONS.LIST>       </TAXBILLALLOCATIONS.LIST>
       <TAXOBJECTALLOCATIONS.LIST>       </TAXOBJECTALLOCATIONS.LIST>
       <TDSEXPENSEALLOCATIONS.LIST>       </TDSEXPENSEALLOCATIONS.LIST>
       <VATSTATUTORYDETAILS.LIST>       </VATSTATUTORYDETAILS.LIST>
       <COSTTRACKALLOCATIONS.LIST>       </COSTTRACKALLOCATIONS.LIST>
       <REFVOUCHERDETAILS.LIST>       </REFVOUCHERDETAILS.LIST>
       <INVOICEWISEDETAILS.LIST>       </INVOICEWISEDETAILS.LIST>
       <VATITCDETAILS.LIST>       </VATITCDETAILS.LIST>
       <ADVANCETAXDETAILS.LIST>       </ADVANCETAXDETAILS.LIST>
      </ALLLEDGERENTRIES.LIST>
      <PAYROLLMODEOFPAYMENT.LIST>      </PAYROLLMODEOFPAYMENT.LIST>
      <ATTDRECORDS.LIST>      </ATTDRECORDS.LIST>
      <GSTEWAYCONSIGNORADDRESS.LIST>      </GSTEWAYCONSIGNORADDRESS.LIST>
      <GSTEWAYCONSIGNEEADDRESS.LIST>      </GSTEWAYCONSIGNEEADDRESS.LIST>
      <TEMPGSTRATEDETAILS.LIST>      </TEMPGSTRATEDETAILS.LIST>
     </VOUCHER>
    </TALLYMESSAGE>
    <TALLYMESSAGE xmlns:UDF="TallyUDF">
     <VOUCHER REMOTEID="9987e5b6-c5a4-486f-8ce0-807a06d6dc8c-00000009" VCHKEY="9987e5b6-c5a4-486f-8ce0-807a06d6dc8c-0000ae82:00000008" VCHTYPE="Sales" ACTION="Create" OBJVIEW="Accounting Voucher View">
      <BASICBUYERADDRESS.LIST TYPE="String">
       <BASICBUYERADDRESS>djkfhkjsdf&#13;&#10;</BASICBUYERADDRESS>
       <BASICBUYERADDRESS>djkfhkjsdf&#13;&#10;</BASICBUYERADDRESS>
       <BASICBUYERADDRESS>djkfhkjsdf&#13;&#10;</BASICBUYERADDRESS>
       <BASICBUYERADDRESS>djkfhkjsdf&#13;&#10;</BASICBUYERADDRESS>
      </BASICBUYERADDRESS.LIST>
      <OLDAUDITENTRYIDS.LIST TYPE="Number">
       <OLDAUDITENTRYIDS>-1</OLDAUDITENTRYIDS>
      </OLDAUDITENTRYIDS.LIST>
      <DATE>20220424</DATE>
      <GUID>9987e5b6-c5a4-486f-8ce0-807a06d6dc8c-00000009</GUID>
      <STATENAME>Maharashtra</STATENAME>
      <NARRATION>05/22-31</NARRATION>
      <COUNTRYOFRESIDENCE>India</COUNTRYOFRESIDENCE>
      <PARTYGSTIN>27AALFD0074E1ZO&#13;&#10;</PARTYGSTIN>
      <VOUCHERTYPENAME>Sales</VOUCHERTYPENAME>
      <REFERENCE>65456</REFERENCE>
      <VOUCHERNUMBER>5</VOUCHERNUMBER>
      <PARTYLEDGERNAME>Anant Defence Systems Pvt.Ltd.</PARTYLEDGERNAME>
      <BASICBASEPARTYNAME>Anant Defence Systems Pvt.Ltd.</BASICBASEPARTYNAME>
      <CSTFORMISSUETYPE/>
      <CSTFORMRECVTYPE/>
      <FBTPAYMENTTYPE>Default</FBTPAYMENTTYPE>
      <PERSISTEDVIEW>Accounting Voucher View</PERSISTEDVIEW>
      <PLACEOFSUPPLY>Maharashtra</PLACEOFSUPPLY>
      <BASICBUYERNAME>Anant Defence Systems Pvt.Ltd.</BASICBUYERNAME>
      <BASICDATETIMEOFINVOICE>20-Apr-2022 at 13:34</BASICDATETIMEOFINVOICE>
      <BASICDATETIMEOFREMOVAL>20-Apr-2022 at 13:34</BASICDATETIMEOFREMOVAL>
      <VCHGSTCLASS/>
      <DIFFACTUALQTY>No</DIFFACTUALQTY>
      <ISMSTFROMSYNC>No</ISMSTFROMSYNC>
      <ASORIGINAL>No</ASORIGINAL>
      <AUDITED>No</AUDITED>
      <FORJOBCOSTING>No</FORJOBCOSTING>
      <ISOPTIONAL>No</ISOPTIONAL>
      <EFFECTIVEDATE>20220424</EFFECTIVEDATE>
      <USEFOREXCISE>No</USEFOREXCISE>
      <ISFORJOBWORKIN>No</ISFORJOBWORKIN>
      <ALLOWCONSUMPTION>No</ALLOWCONSUMPTION>
      <USEFORINTEREST>No</USEFORINTEREST>
      <USEFORGAINLOSS>No</USEFORGAINLOSS>
      <USEFORGODOWNTRANSFER>No</USEFORGODOWNTRANSFER>
      <USEFORCOMPOUND>No</USEFORCOMPOUND>
      <USEFORSERVICETAX>No</USEFORSERVICETAX>
      <ISEXCISEVOUCHER>No</ISEXCISEVOUCHER>
      <EXCISETAXOVERRIDE>No</EXCISETAXOVERRIDE>
      <USEFORTAXUNITTRANSFER>No</USEFORTAXUNITTRANSFER>
      <IGNOREPOSVALIDATION>No</IGNOREPOSVALIDATION>
      <EXCISEOPENING>No</EXCISEOPENING>
      <USEFORFINALPRODUCTION>No</USEFORFINALPRODUCTION>
      <ISTDSOVERRIDDEN>No</ISTDSOVERRIDDEN>
      <ISTCSOVERRIDDEN>No</ISTCSOVERRIDDEN>
      <ISTDSTCSCASHVCH>No</ISTDSTCSCASHVCH>
      <INCLUDEADVPYMTVCH>No</INCLUDEADVPYMTVCH>
      <ISSUBWORKSCONTRACT>No</ISSUBWORKSCONTRACT>
      <ISVATOVERRIDDEN>No</ISVATOVERRIDDEN>
      <IGNOREORIGVCHDATE>No</IGNOREORIGVCHDATE>
      <ISVATPAIDATCUSTOMS>No</ISVATPAIDATCUSTOMS>
      <ISDECLAREDTOCUSTOMS>No</ISDECLAREDTOCUSTOMS>
      <ISSERVICETAXOVERRIDDEN>No</ISSERVICETAXOVERRIDDEN>
      <ISISDVOUCHER>No</ISISDVOUCHER>
      <ISEXCISEOVERRIDDEN>No</ISEXCISEOVERRIDDEN>
      <ISEXCISESUPPLYVCH>No</ISEXCISESUPPLYVCH>
      <ISGSTOVERRIDDEN>No</ISGSTOVERRIDDEN>
      <GSTNOTEXPORTED>No</GSTNOTEXPORTED>
      <IGNOREGSTINVALIDATION>No</IGNOREGSTINVALIDATION>
      <ISVATPRINCIPALACCOUNT>No</ISVATPRINCIPALACCOUNT>
      <ISBOENOTAPPLICABLE>No</ISBOENOTAPPLICABLE>
      <ISSHIPPINGWITHINSTATE>No</ISSHIPPINGWITHINSTATE>
      <ISOVERSEASTOURISTTRANS>No</ISOVERSEASTOURISTTRANS>
      <ISDESIGNATEDZONEPARTY>No</ISDESIGNATEDZONEPARTY>
      <ISCANCELLED>No</ISCANCELLED>
      <HASCASHFLOW>No</HASCASHFLOW>
      <ISPOSTDATED>No</ISPOSTDATED>
      <USETRACKINGNUMBER>No</USETRACKINGNUMBER>
      <ISINVOICE>No</ISINVOICE>
      <MFGJOURNAL>No</MFGJOURNAL>
      <HASDISCOUNTS>No</HASDISCOUNTS>
      <ASPAYSLIP>No</ASPAYSLIP>
      <ISCOSTCENTRE>No</ISCOSTCENTRE>
      <ISSTXNONREALIZEDVCH>No</ISSTXNONREALIZEDVCH>
      <ISEXCISEMANUFACTURERON>No</ISEXCISEMANUFACTURERON>
      <ISBLANKCHEQUE>No</ISBLANKCHEQUE>
      <ISVOID>No</ISVOID>
      <ISONHOLD>No</ISONHOLD>
      <ORDERLINESTATUS>No</ORDERLINESTATUS>
      <VATISAGNSTCANCSALES>No</VATISAGNSTCANCSALES>
      <VATISPURCEXEMPTED>No</VATISPURCEXEMPTED>
      <ISVATRESTAXINVOICE>No</ISVATRESTAXINVOICE>
      <VATISASSESABLECALCVCH>No</VATISASSESABLECALCVCH>
      <ISVATDUTYPAID>Yes</ISVATDUTYPAID>
      <ISDELIVERYSAMEASCONSIGNEE>No</ISDELIVERYSAMEASCONSIGNEE>
      <ISDISPATCHSAMEASCONSIGNOR>No</ISDISPATCHSAMEASCONSIGNOR>
      <ISDELETED>No</ISDELETED>
      <CHANGEVCHMODE>No</CHANGEVCHMODE>
      <ALTERID> 10</ALTERID>
      <MASTERID> 9</MASTERID>
      <VOUCHERKEY>191873368981512</VOUCHERKEY>
      <EXCLUDEDTAXATIONS.LIST>      </EXCLUDEDTAXATIONS.LIST>
      <OLDAUDITENTRIES.LIST>      </OLDAUDITENTRIES.LIST>
      <ACCOUNTAUDITENTRIES.LIST>      </ACCOUNTAUDITENTRIES.LIST>
      <AUDITENTRIES.LIST>      </AUDITENTRIES.LIST>
      <DUTYHEADDETAILS.LIST>      </DUTYHEADDETAILS.LIST>
      <SUPPLEMENTARYDUTYHEADDETAILS.LIST>      </SUPPLEMENTARYDUTYHEADDETAILS.LIST>
      <EWAYBILLDETAILS.LIST>      </EWAYBILLDETAILS.LIST>
      <INVOICEDELNOTES.LIST>      </INVOICEDELNOTES.LIST>
      <INVOICEORDERLIST.LIST>      </INVOICEORDERLIST.LIST>
      <INVOICEINDENTLIST.LIST>      </INVOICEINDENTLIST.LIST>
      <ATTENDANCEENTRIES.LIST>      </ATTENDANCEENTRIES.LIST>
      <ORIGINVOICEDETAILS.LIST>      </ORIGINVOICEDETAILS.LIST>
      <INVOICEEXPORTLIST.LIST>      </INVOICEEXPORTLIST.LIST>
      <ALLLEDGERENTRIES.LIST>
       <OLDAUDITENTRYIDS.LIST TYPE="Number">
        <OLDAUDITENTRYIDS>-1</OLDAUDITENTRYIDS>
       </OLDAUDITENTRYIDS.LIST>
       <LEDGERNAME>Anant Defence Systems Pvt.Ltd.</LEDGERNAME>
       <GSTCLASS/>
       <ISDEEMEDPOSITIVE>Yes</ISDEEMEDPOSITIVE>
       <LEDGERFROMITEM>No</LEDGERFROMITEM>
       <REMOVEZEROENTRIES>No</REMOVEZEROENTRIES>
       <ISPARTYLEDGER>Yes</ISPARTYLEDGER>
       <ISLASTDEEMEDPOSITIVE>Yes</ISLASTDEEMEDPOSITIVE>
       <ISCAPVATTAXALTERED>No</ISCAPVATTAXALTERED>
       <ISCAPVATNOTCLAIMED>No</ISCAPVATNOTCLAIMED>
       <AMOUNT>-63484.00</AMOUNT>
       <VATEXPAMOUNT>-63484.00</VATEXPAMOUNT>
       <SERVICETAXDETAILS.LIST>       </SERVICETAXDETAILS.LIST>
       <BANKALLOCATIONS.LIST>       </BANKALLOCATIONS.LIST>
       <BILLALLOCATIONS.LIST>
        <NAME>4</NAME>
        <BILLTYPE>New Ref</BILLTYPE>
        <TDSDEDUCTEEISSPECIALRATE>No</TDSDEDUCTEEISSPECIALRATE>
        <AMOUNT>-63484.00</AMOUNT>
        <INTERESTCOLLECTION.LIST>        </INTERESTCOLLECTION.LIST>
        <STBILLCATEGORIES.LIST>        </STBILLCATEGORIES.LIST>
       </BILLALLOCATIONS.LIST>
       <INTERESTCOLLECTION.LIST>       </INTERESTCOLLECTION.LIST>
       <OLDAUDITENTRIES.LIST>       </OLDAUDITENTRIES.LIST>
       <ACCOUNTAUDITENTRIES.LIST>       </ACCOUNTAUDITENTRIES.LIST>
       <AUDITENTRIES.LIST>       </AUDITENTRIES.LIST>
       <INPUTCRALLOCS.LIST>       </INPUTCRALLOCS.LIST>
       <DUTYHEADDETAILS.LIST>       </DUTYHEADDETAILS.LIST>
       <EXCISEDUTYHEADDETAILS.LIST>       </EXCISEDUTYHEADDETAILS.LIST>
       <RATEDETAILS.LIST>       </RATEDETAILS.LIST>
       <SUMMARYALLOCS.LIST>       </SUMMARYALLOCS.LIST>
       <STPYMTDETAILS.LIST>       </STPYMTDETAILS.LIST>
       <EXCISEPAYMENTALLOCATIONS.LIST>       </EXCISEPAYMENTALLOCATIONS.LIST>
       <TAXBILLALLOCATIONS.LIST>       </TAXBILLALLOCATIONS.LIST>
       <TAXOBJECTALLOCATIONS.LIST>       </TAXOBJECTALLOCATIONS.LIST>
       <TDSEXPENSEALLOCATIONS.LIST>       </TDSEXPENSEALLOCATIONS.LIST>
       <VATSTATUTORYDETAILS.LIST>       </VATSTATUTORYDETAILS.LIST>
       <COSTTRACKALLOCATIONS.LIST>       </COSTTRACKALLOCATIONS.LIST>
       <REFVOUCHERDETAILS.LIST>       </REFVOUCHERDETAILS.LIST>
       <INVOICEWISEDETAILS.LIST>       </INVOICEWISEDETAILS.LIST>
       <VATITCDETAILS.LIST>       </VATITCDETAILS.LIST>
       <ADVANCETAXDETAILS.LIST>       </ADVANCETAXDETAILS.LIST>
      </ALLLEDGERENTRIES.LIST>
      <ALLLEDGERENTRIES.LIST>
       <OLDAUDITENTRYIDS.LIST TYPE="Number">
        <OLDAUDITENTRYIDS>-1</OLDAUDITENTRYIDS>
       </OLDAUDITENTRYIDS.LIST>
       <LEDGERNAME>Sales</LEDGERNAME>
       <GSTCLASS/>
       <ISDEEMEDPOSITIVE>No</ISDEEMEDPOSITIVE>
       <LEDGERFROMITEM>No</LEDGERFROMITEM>
       <REMOVEZEROENTRIES>No</REMOVEZEROENTRIES>
       <ISPARTYLEDGER>No</ISPARTYLEDGER>
       <ISLASTDEEMEDPOSITIVE>No</ISLASTDEEMEDPOSITIVE>
       <ISCAPVATTAXALTERED>No</ISCAPVATTAXALTERED>
       <ISCAPVATNOTCLAIMED>No</ISCAPVATNOTCLAIMED>
       <AMOUNT>53800.00</AMOUNT>
       <VATEXPAMOUNT>53800.00</VATEXPAMOUNT>
       <SERVICETAXDETAILS.LIST>       </SERVICETAXDETAILS.LIST>
       <BANKALLOCATIONS.LIST>       </BANKALLOCATIONS.LIST>
       <BILLALLOCATIONS.LIST>       </BILLALLOCATIONS.LIST>
       <INTERESTCOLLECTION.LIST>       </INTERESTCOLLECTION.LIST>
       <OLDAUDITENTRIES.LIST>       </OLDAUDITENTRIES.LIST>
       <ACCOUNTAUDITENTRIES.LIST>       </ACCOUNTAUDITENTRIES.LIST>
       <AUDITENTRIES.LIST>       </AUDITENTRIES.LIST>
       <INPUTCRALLOCS.LIST>       </INPUTCRALLOCS.LIST>
       <DUTYHEADDETAILS.LIST>       </DUTYHEADDETAILS.LIST>
       <EXCISEDUTYHEADDETAILS.LIST>       </EXCISEDUTYHEADDETAILS.LIST>
       <RATEDETAILS.LIST>       </RATEDETAILS.LIST>
       <SUMMARYALLOCS.LIST>       </SUMMARYALLOCS.LIST>
       <STPYMTDETAILS.LIST>       </STPYMTDETAILS.LIST>
       <EXCISEPAYMENTALLOCATIONS.LIST>       </EXCISEPAYMENTALLOCATIONS.LIST>
       <TAXBILLALLOCATIONS.LIST>       </TAXBILLALLOCATIONS.LIST>
       <TAXOBJECTALLOCATIONS.LIST>       </TAXOBJECTALLOCATIONS.LIST>
       <TDSEXPENSEALLOCATIONS.LIST>       </TDSEXPENSEALLOCATIONS.LIST>
       <VATSTATUTORYDETAILS.LIST>       </VATSTATUTORYDETAILS.LIST>
       <COSTTRACKALLOCATIONS.LIST>       </COSTTRACKALLOCATIONS.LIST>
       <REFVOUCHERDETAILS.LIST>       </REFVOUCHERDETAILS.LIST>
       <INVOICEWISEDETAILS.LIST>       </INVOICEWISEDETAILS.LIST>
       <VATITCDETAILS.LIST>       </VATITCDETAILS.LIST>
       <ADVANCETAXDETAILS.LIST>       </ADVANCETAXDETAILS.LIST>
      </ALLLEDGERENTRIES.LIST>
      <ALLLEDGERENTRIES.LIST>
       <OLDAUDITENTRYIDS.LIST TYPE="Number">
        <OLDAUDITENTRYIDS>-1</OLDAUDITENTRYIDS>
       </OLDAUDITENTRYIDS.LIST>
       <BASICRATEOFINVOICETAX.LIST TYPE="Number">
        <BASICRATEOFINVOICETAX> 9</BASICRATEOFINVOICETAX>
       </BASICRATEOFINVOICETAX.LIST>
       <ROUNDTYPE/>
       <LEDGERNAME>Output CGST @18%</LEDGERNAME>
       <GSTCLASS/>
       <ISDEEMEDPOSITIVE>No</ISDEEMEDPOSITIVE>
       <LEDGERFROMITEM>No</LEDGERFROMITEM>
       <REMOVEZEROENTRIES>No</REMOVEZEROENTRIES>
       <ISPARTYLEDGER>No</ISPARTYLEDGER>
       <ISLASTDEEMEDPOSITIVE>No</ISLASTDEEMEDPOSITIVE>
       <ISCAPVATTAXALTERED>No</ISCAPVATTAXALTERED>
       <ISCAPVATNOTCLAIMED>No</ISCAPVATNOTCLAIMED>
       <AMOUNT>4842.00</AMOUNT>
       <VATEXPAMOUNT>4842.00</VATEXPAMOUNT>
       <SERVICETAXDETAILS.LIST>       </SERVICETAXDETAILS.LIST>
       <BANKALLOCATIONS.LIST>       </BANKALLOCATIONS.LIST>
       <BILLALLOCATIONS.LIST>       </BILLALLOCATIONS.LIST>
       <INTERESTCOLLECTION.LIST>       </INTERESTCOLLECTION.LIST>
       <OLDAUDITENTRIES.LIST>       </OLDAUDITENTRIES.LIST>
       <ACCOUNTAUDITENTRIES.LIST>       </ACCOUNTAUDITENTRIES.LIST>
       <AUDITENTRIES.LIST>       </AUDITENTRIES.LIST>
       <INPUTCRALLOCS.LIST>       </INPUTCRALLOCS.LIST>
       <DUTYHEADDETAILS.LIST>       </DUTYHEADDETAILS.LIST>
       <EXCISEDUTYHEADDETAILS.LIST>       </EXCISEDUTYHEADDETAILS.LIST>
       <RATEDETAILS.LIST>       </RATEDETAILS.LIST>
       <SUMMARYALLOCS.LIST>       </SUMMARYALLOCS.LIST>
       <STPYMTDETAILS.LIST>       </STPYMTDETAILS.LIST>
       <EXCISEPAYMENTALLOCATIONS.LIST>       </EXCISEPAYMENTALLOCATIONS.LIST>
       <TAXBILLALLOCATIONS.LIST>       </TAXBILLALLOCATIONS.LIST>
       <TAXOBJECTALLOCATIONS.LIST>       </TAXOBJECTALLOCATIONS.LIST>
       <TDSEXPENSEALLOCATIONS.LIST>       </TDSEXPENSEALLOCATIONS.LIST>
       <VATSTATUTORYDETAILS.LIST>       </VATSTATUTORYDETAILS.LIST>
       <COSTTRACKALLOCATIONS.LIST>       </COSTTRACKALLOCATIONS.LIST>
       <REFVOUCHERDETAILS.LIST>       </REFVOUCHERDETAILS.LIST>
       <INVOICEWISEDETAILS.LIST>       </INVOICEWISEDETAILS.LIST>
       <VATITCDETAILS.LIST>       </VATITCDETAILS.LIST>
       <ADVANCETAXDETAILS.LIST>       </ADVANCETAXDETAILS.LIST>
      </ALLLEDGERENTRIES.LIST>
      <ALLLEDGERENTRIES.LIST>
       <OLDAUDITENTRYIDS.LIST TYPE="Number">
        <OLDAUDITENTRYIDS>-1</OLDAUDITENTRYIDS>
       </OLDAUDITENTRYIDS.LIST>
       <BASICRATEOFINVOICETAX.LIST TYPE="Number">
        <BASICRATEOFINVOICETAX> 9</BASICRATEOFINVOICETAX>
       </BASICRATEOFINVOICETAX.LIST>
       <ROUNDTYPE/>
       <LEDGERNAME>Output SGST @18%</LEDGERNAME>
       <GSTCLASS/>
       <ISDEEMEDPOSITIVE>No</ISDEEMEDPOSITIVE>
       <LEDGERFROMITEM>No</LEDGERFROMITEM>
       <REMOVEZEROENTRIES>No</REMOVEZEROENTRIES>
       <ISPARTYLEDGER>No</ISPARTYLEDGER>
       <ISLASTDEEMEDPOSITIVE>No</ISLASTDEEMEDPOSITIVE>
       <ISCAPVATTAXALTERED>No</ISCAPVATTAXALTERED>
       <ISCAPVATNOTCLAIMED>No</ISCAPVATNOTCLAIMED>
       <AMOUNT>4842.00</AMOUNT>
       <VATEXPAMOUNT>4842.00</VATEXPAMOUNT>
       <SERVICETAXDETAILS.LIST>       </SERVICETAXDETAILS.LIST>
       <BANKALLOCATIONS.LIST>       </BANKALLOCATIONS.LIST>
       <BILLALLOCATIONS.LIST>       </BILLALLOCATIONS.LIST>
       <INTERESTCOLLECTION.LIST>       </INTERESTCOLLECTION.LIST>
       <OLDAUDITENTRIES.LIST>       </OLDAUDITENTRIES.LIST>
       <ACCOUNTAUDITENTRIES.LIST>       </ACCOUNTAUDITENTRIES.LIST>
       <AUDITENTRIES.LIST>       </AUDITENTRIES.LIST>
       <INPUTCRALLOCS.LIST>       </INPUTCRALLOCS.LIST>
       <DUTYHEADDETAILS.LIST>       </DUTYHEADDETAILS.LIST>
       <EXCISEDUTYHEADDETAILS.LIST>       </EXCISEDUTYHEADDETAILS.LIST>
       <RATEDETAILS.LIST>       </RATEDETAILS.LIST>
       <SUMMARYALLOCS.LIST>       </SUMMARYALLOCS.LIST>
       <STPYMTDETAILS.LIST>       </STPYMTDETAILS.LIST>
       <EXCISEPAYMENTALLOCATIONS.LIST>       </EXCISEPAYMENTALLOCATIONS.LIST>
       <TAXBILLALLOCATIONS.LIST>       </TAXBILLALLOCATIONS.LIST>
       <TAXOBJECTALLOCATIONS.LIST>       </TAXOBJECTALLOCATIONS.LIST>
       <TDSEXPENSEALLOCATIONS.LIST>       </TDSEXPENSEALLOCATIONS.LIST>
       <VATSTATUTORYDETAILS.LIST>       </VATSTATUTORYDETAILS.LIST>
       <COSTTRACKALLOCATIONS.LIST>       </COSTTRACKALLOCATIONS.LIST>
       <REFVOUCHERDETAILS.LIST>       </REFVOUCHERDETAILS.LIST>
       <INVOICEWISEDETAILS.LIST>       </INVOICEWISEDETAILS.LIST>
       <VATITCDETAILS.LIST>       </VATITCDETAILS.LIST>
       <ADVANCETAXDETAILS.LIST>       </ADVANCETAXDETAILS.LIST>
      </ALLLEDGERENTRIES.LIST>
      <PAYROLLMODEOFPAYMENT.LIST>      </PAYROLLMODEOFPAYMENT.LIST>
      <ATTDRECORDS.LIST>      </ATTDRECORDS.LIST>
      <GSTEWAYCONSIGNORADDRESS.LIST>      </GSTEWAYCONSIGNORADDRESS.LIST>
      <GSTEWAYCONSIGNEEADDRESS.LIST>      </GSTEWAYCONSIGNEEADDRESS.LIST>
      <TEMPGSTRATEDETAILS.LIST>      </TEMPGSTRATEDETAILS.LIST>
     </VOUCHER>
    </TALLYMESSAGE>
    <TALLYMESSAGE xmlns:UDF="TallyUDF">
     <VOUCHER REMOTEID="9987e5b6-c5a4-486f-8ce0-807a06d6dc8c-0000000a" VCHKEY="9987e5b6-c5a4-486f-8ce0-807a06d6dc8c-0000ae83:00000008" VCHTYPE="Receipt" ACTION="Create" OBJVIEW="Accounting Voucher View">
      <OLDAUDITENTRYIDS.LIST TYPE="Number">
       <OLDAUDITENTRYIDS>-1</OLDAUDITENTRYIDS>
      </OLDAUDITENTRYIDS.LIST>
      <DATE>20220425</DATE>
      <GUID>9987e5b6-c5a4-486f-8ce0-807a06d6dc8c-0000000a</GUID>
      <NARRATION>05/22-31</NARRATION>
      <VOUCHERTYPENAME>Receipt</VOUCHERTYPENAME>
      <VOUCHERNUMBER>1</VOUCHERNUMBER>
      <PARTYLEDGERNAME>Anant Defence Systems Pvt.Ltd.</PARTYLEDGERNAME>
      <CSTFORMISSUETYPE/>
      <CSTFORMRECVTYPE/>
      <FBTPAYMENTTYPE>Default</FBTPAYMENTTYPE>
      <PERSISTEDVIEW>Accounting Voucher View</PERSISTEDVIEW>
      <VCHGSTCLASS/>
      <DIFFACTUALQTY>No</DIFFACTUALQTY>
      <ISMSTFROMSYNC>No</ISMSTFROMSYNC>
      <ASORIGINAL>No</ASORIGINAL>
      <AUDITED>No</AUDITED>
      <FORJOBCOSTING>No</FORJOBCOSTING>
      <ISOPTIONAL>No</ISOPTIONAL>
      <EFFECTIVEDATE>20220425</EFFECTIVEDATE>
      <USEFOREXCISE>No</USEFOREXCISE>
      <ISFORJOBWORKIN>No</ISFORJOBWORKIN>
      <ALLOWCONSUMPTION>No</ALLOWCONSUMPTION>
      <USEFORINTEREST>No</USEFORINTEREST>
      <USEFORGAINLOSS>No</USEFORGAINLOSS>
      <USEFORGODOWNTRANSFER>No</USEFORGODOWNTRANSFER>
      <USEFORCOMPOUND>No</USEFORCOMPOUND>
      <USEFORSERVICETAX>No</USEFORSERVICETAX>
      <ISEXCISEVOUCHER>No</ISEXCISEVOUCHER>
      <EXCISETAXOVERRIDE>No</EXCISETAXOVERRIDE>
      <USEFORTAXUNITTRANSFER>No</USEFORTAXUNITTRANSFER>
      <IGNOREPOSVALIDATION>No</IGNOREPOSVALIDATION>
      <EXCISEOPENING>No</EXCISEOPENING>
      <USEFORFINALPRODUCTION>No</USEFORFINALPRODUCTION>
      <ISTDSOVERRIDDEN>No</ISTDSOVERRIDDEN>
      <ISTCSOVERRIDDEN>No</ISTCSOVERRIDDEN>
      <ISTDSTCSCASHVCH>No</ISTDSTCSCASHVCH>
      <INCLUDEADVPYMTVCH>No</INCLUDEADVPYMTVCH>
      <ISSUBWORKSCONTRACT>No</ISSUBWORKSCONTRACT>
      <ISVATOVERRIDDEN>No</ISVATOVERRIDDEN>
      <IGNOREORIGVCHDATE>No</IGNOREORIGVCHDATE>
      <ISVATPAIDATCUSTOMS>No</ISVATPAIDATCUSTOMS>
      <ISDECLAREDTOCUSTOMS>No</ISDECLAREDTOCUSTOMS>
      <ISSERVICETAXOVERRIDDEN>No</ISSERVICETAXOVERRIDDEN>
      <ISISDVOUCHER>No</ISISDVOUCHER>
      <ISEXCISEOVERRIDDEN>No</ISEXCISEOVERRIDDEN>
      <ISEXCISESUPPLYVCH>No</ISEXCISESUPPLYVCH>
      <ISGSTOVERRIDDEN>No</ISGSTOVERRIDDEN>
      <GSTNOTEXPORTED>No</GSTNOTEXPORTED>
      <IGNOREGSTINVALIDATION>No</IGNOREGSTINVALIDATION>
      <ISVATPRINCIPALACCOUNT>No</ISVATPRINCIPALACCOUNT>
      <ISBOENOTAPPLICABLE>No</ISBOENOTAPPLICABLE>
      <ISSHIPPINGWITHINSTATE>No</ISSHIPPINGWITHINSTATE>
      <ISOVERSEASTOURISTTRANS>No</ISOVERSEASTOURISTTRANS>
      <ISDESIGNATEDZONEPARTY>No</ISDESIGNATEDZONEPARTY>
      <ISCANCELLED>No</ISCANCELLED>
      <HASCASHFLOW>Yes</HASCASHFLOW>
      <ISPOSTDATED>No</ISPOSTDATED>
      <USETRACKINGNUMBER>No</USETRACKINGNUMBER>
      <ISINVOICE>No</ISINVOICE>
      <MFGJOURNAL>No</MFGJOURNAL>
      <HASDISCOUNTS>No</HASDISCOUNTS>
      <ASPAYSLIP>No</ASPAYSLIP>
      <ISCOSTCENTRE>No</ISCOSTCENTRE>
      <ISSTXNONREALIZEDVCH>No</ISSTXNONREALIZEDVCH>
      <ISEXCISEMANUFACTURERON>No</ISEXCISEMANUFACTURERON>
      <ISBLANKCHEQUE>No</ISBLANKCHEQUE>
      <ISVOID>No</ISVOID>
      <ISONHOLD>No</ISONHOLD>
      <ORDERLINESTATUS>No</ORDERLINESTATUS>
      <VATISAGNSTCANCSALES>No</VATISAGNSTCANCSALES>
      <VATISPURCEXEMPTED>No</VATISPURCEXEMPTED>
      <ISVATRESTAXINVOICE>No</ISVATRESTAXINVOICE>
      <VATISASSESABLECALCVCH>No</VATISASSESABLECALCVCH>
      <ISVATDUTYPAID>Yes</ISVATDUTYPAID>
      <ISDELIVERYSAMEASCONSIGNEE>No</ISDELIVERYSAMEASCONSIGNEE>
      <ISDISPATCHSAMEASCONSIGNOR>No</ISDISPATCHSAMEASCONSIGNOR>
      <ISDELETED>No</ISDELETED>
      <CHANGEVCHMODE>No</CHANGEVCHMODE>
      <ALTERID> 11</ALTERID>
      <MASTERID> 10</MASTERID>
      <VOUCHERKEY>191877663948808</VOUCHERKEY>
      <EXCLUDEDTAXATIONS.LIST>      </EXCLUDEDTAXATIONS.LIST>
      <OLDAUDITENTRIES.LIST>      </OLDAUDITENTRIES.LIST>
      <ACCOUNTAUDITENTRIES.LIST>      </ACCOUNTAUDITENTRIES.LIST>
      <AUDITENTRIES.LIST>      </AUDITENTRIES.LIST>
      <DUTYHEADDETAILS.LIST>      </DUTYHEADDETAILS.LIST>
      <SUPPLEMENTARYDUTYHEADDETAILS.LIST>      </SUPPLEMENTARYDUTYHEADDETAILS.LIST>
      <EWAYBILLDETAILS.LIST>      </EWAYBILLDETAILS.LIST>
      <INVOICEDELNOTES.LIST>      </INVOICEDELNOTES.LIST>
      <INVOICEORDERLIST.LIST>      </INVOICEORDERLIST.LIST>
      <INVOICEINDENTLIST.LIST>      </INVOICEINDENTLIST.LIST>
      <ATTENDANCEENTRIES.LIST>      </ATTENDANCEENTRIES.LIST>
      <ORIGINVOICEDETAILS.LIST>      </ORIGINVOICEDETAILS.LIST>
      <INVOICEEXPORTLIST.LIST>      </INVOICEEXPORTLIST.LIST>
      <ALLLEDGERENTRIES.LIST>
       <OLDAUDITENTRYIDS.LIST TYPE="Number">
        <OLDAUDITENTRYIDS>-1</OLDAUDITENTRYIDS>
       </OLDAUDITENTRYIDS.LIST>
       <LEDGERNAME>Anant Defence Systems Pvt.Ltd.</LEDGERNAME>
       <GSTCLASS/>
       <ISDEEMEDPOSITIVE>No</ISDEEMEDPOSITIVE>
       <LEDGERFROMITEM>No</LEDGERFROMITEM>
       <REMOVEZEROENTRIES>No</REMOVEZEROENTRIES>
       <ISPARTYLEDGER>Yes</ISPARTYLEDGER>
       <ISLASTDEEMEDPOSITIVE>No</ISLASTDEEMEDPOSITIVE>
       <ISCAPVATTAXALTERED>No</ISCAPVATTAXALTERED>
       <ISCAPVATNOTCLAIMED>No</ISCAPVATNOTCLAIMED>
       <AMOUNT>1000.00</AMOUNT>
       <VATEXPAMOUNT>1000.00</VATEXPAMOUNT>
       <SERVICETAXDETAILS.LIST>       </SERVICETAXDETAILS.LIST>
       <BANKALLOCATIONS.LIST>       </BANKALLOCATIONS.LIST>
       <BILLALLOCATIONS.LIST>       </BILLALLOCATIONS.LIST>
       <INTERESTCOLLECTION.LIST>       </INTERESTCOLLECTION.LIST>
       <OLDAUDITENTRIES.LIST>       </OLDAUDITENTRIES.LIST>
       <ACCOUNTAUDITENTRIES.LIST>       </ACCOUNTAUDITENTRIES.LIST>
       <AUDITENTRIES.LIST>       </AUDITENTRIES.LIST>
       <INPUTCRALLOCS.LIST>       </INPUTCRALLOCS.LIST>
       <DUTYHEADDETAILS.LIST>       </DUTYHEADDETAILS.LIST>
       <EXCISEDUTYHEADDETAILS.LIST>       </EXCISEDUTYHEADDETAILS.LIST>
       <RATEDETAILS.LIST>       </RATEDETAILS.LIST>
       <SUMMARYALLOCS.LIST>       </SUMMARYALLOCS.LIST>
       <STPYMTDETAILS.LIST>       </STPYMTDETAILS.LIST>
       <EXCISEPAYMENTALLOCATIONS.LIST>       </EXCISEPAYMENTALLOCATIONS.LIST>
       <TAXBILLALLOCATIONS.LIST>       </TAXBILLALLOCATIONS.LIST>
       <TAXOBJECTALLOCATIONS.LIST>       </TAXOBJECTALLOCATIONS.LIST>
       <TDSEXPENSEALLOCATIONS.LIST>       </TDSEXPENSEALLOCATIONS.LIST>
       <VATSTATUTORYDETAILS.LIST>       </VATSTATUTORYDETAILS.LIST>
       <COSTTRACKALLOCATIONS.LIST>       </COSTTRACKALLOCATIONS.LIST>
       <REFVOUCHERDETAILS.LIST>       </REFVOUCHERDETAILS.LIST>
       <INVOICEWISEDETAILS.LIST>       </INVOICEWISEDETAILS.LIST>
       <VATITCDETAILS.LIST>       </VATITCDETAILS.LIST>
       <ADVANCETAXDETAILS.LIST>       </ADVANCETAXDETAILS.LIST>
      </ALLLEDGERENTRIES.LIST>
      <ALLLEDGERENTRIES.LIST>
       <OLDAUDITENTRYIDS.LIST TYPE="Number">
        <OLDAUDITENTRYIDS>-1</OLDAUDITENTRYIDS>
       </OLDAUDITENTRYIDS.LIST>
       <LEDGERNAME>Society for Innovation</LEDGERNAME>
       <GSTCLASS/>
       <ISDEEMEDPOSITIVE>No</ISDEEMEDPOSITIVE>
       <LEDGERFROMITEM>No</LEDGERFROMITEM>
       <REMOVEZEROENTRIES>No</REMOVEZEROENTRIES>
       <ISPARTYLEDGER>Yes</ISPARTYLEDGER>
       <ISLASTDEEMEDPOSITIVE>No</ISLASTDEEMEDPOSITIVE>
       <ISCAPVATTAXALTERED>No</ISCAPVATTAXALTERED>
       <ISCAPVATNOTCLAIMED>No</ISCAPVATNOTCLAIMED>
       <AMOUNT>1000.00</AMOUNT>
       <VATEXPAMOUNT>1000.00</VATEXPAMOUNT>
       <SERVICETAXDETAILS.LIST>       </SERVICETAXDETAILS.LIST>
       <BANKALLOCATIONS.LIST>       </BANKALLOCATIONS.LIST>
       <BILLALLOCATIONS.LIST>       </BILLALLOCATIONS.LIST>
       <INTERESTCOLLECTION.LIST>       </INTERESTCOLLECTION.LIST>
       <OLDAUDITENTRIES.LIST>       </OLDAUDITENTRIES.LIST>
       <ACCOUNTAUDITENTRIES.LIST>       </ACCOUNTAUDITENTRIES.LIST>
       <AUDITENTRIES.LIST>       </AUDITENTRIES.LIST>
       <INPUTCRALLOCS.LIST>       </INPUTCRALLOCS.LIST>
       <DUTYHEADDETAILS.LIST>       </DUTYHEADDETAILS.LIST>
       <EXCISEDUTYHEADDETAILS.LIST>       </EXCISEDUTYHEADDETAILS.LIST>
       <RATEDETAILS.LIST>       </RATEDETAILS.LIST>
       <SUMMARYALLOCS.LIST>       </SUMMARYALLOCS.LIST>
       <STPYMTDETAILS.LIST>       </STPYMTDETAILS.LIST>
       <EXCISEPAYMENTALLOCATIONS.LIST>       </EXCISEPAYMENTALLOCATIONS.LIST>
       <TAXBILLALLOCATIONS.LIST>       </TAXBILLALLOCATIONS.LIST>
       <TAXOBJECTALLOCATIONS.LIST>       </TAXOBJECTALLOCATIONS.LIST>
       <TDSEXPENSEALLOCATIONS.LIST>       </TDSEXPENSEALLOCATIONS.LIST>
       <VATSTATUTORYDETAILS.LIST>       </VATSTATUTORYDETAILS.LIST>
       <COSTTRACKALLOCATIONS.LIST>       </COSTTRACKALLOCATIONS.LIST>
       <REFVOUCHERDETAILS.LIST>       </REFVOUCHERDETAILS.LIST>
       <INVOICEWISEDETAILS.LIST>       </INVOICEWISEDETAILS.LIST>
       <VATITCDETAILS.LIST>       </VATITCDETAILS.LIST>
       <ADVANCETAXDETAILS.LIST>       </ADVANCETAXDETAILS.LIST>
      </ALLLEDGERENTRIES.LIST>
      <ALLLEDGERENTRIES.LIST>
       <OLDAUDITENTRYIDS.LIST TYPE="Number">
        <OLDAUDITENTRYIDS>-1</OLDAUDITENTRYIDS>
       </OLDAUDITENTRYIDS.LIST>
       <LEDGERNAME>ICICI Bank</LEDGERNAME>
       <GSTCLASS/>
       <ISDEEMEDPOSITIVE>Yes</ISDEEMEDPOSITIVE>
       <LEDGERFROMITEM>No</LEDGERFROMITEM>
       <REMOVEZEROENTRIES>No</REMOVEZEROENTRIES>
       <ISPARTYLEDGER>Yes</ISPARTYLEDGER>
       <ISLASTDEEMEDPOSITIVE>Yes</ISLASTDEEMEDPOSITIVE>
       <ISCAPVATTAXALTERED>No</ISCAPVATTAXALTERED>
       <ISCAPVATNOTCLAIMED>No</ISCAPVATNOTCLAIMED>
       <AMOUNT>-2000.00</AMOUNT>
       <VATEXPAMOUNT>-2000.00</VATEXPAMOUNT>
       <SERVICETAXDETAILS.LIST>       </SERVICETAXDETAILS.LIST>
       <BANKALLOCATIONS.LIST>
        <DATE>20220425</DATE>
        <INSTRUMENTDATE>20220425</INSTRUMENTDATE>
        <NAME>2caa62b4-ac57-413e-904e-a2e5fd3f0763</NAME>
        <TRANSACTIONTYPE>Cheque/DD</TRANSACTIONTYPE>
        <PAYMENTFAVOURING>Anant Defence Systems Pvt.Ltd.</PAYMENTFAVOURING>
        <UNIQUEREFERENCENUMBER>4ZlK2xfh87GeePjm</UNIQUEREFERENCENUMBER>
        <STATUS>No</STATUS>
        <PAYMENTMODE>Transacted</PAYMENTMODE>
        <BANKPARTYNAME>Anant Defence Systems Pvt.Ltd.</BANKPARTYNAME>
        <ISCONNECTEDPAYMENT>No</ISCONNECTEDPAYMENT>
        <ISSPLIT>No</ISSPLIT>
        <ISCONTRACTUSED>No</ISCONTRACTUSED>
        <ISACCEPTEDWITHWARNING>No</ISACCEPTEDWITHWARNING>
        <ISTRANSFORCED>No</ISTRANSFORCED>
        <CHEQUEPRINTED> 1</CHEQUEPRINTED>
        <AMOUNT>-2000.00</AMOUNT>
        <CONTRACTDETAILS.LIST>        </CONTRACTDETAILS.LIST>
        <BANKSTATUSINFO.LIST>        </BANKSTATUSINFO.LIST>
       </BANKALLOCATIONS.LIST>
       <BILLALLOCATIONS.LIST>       </BILLALLOCATIONS.LIST>
       <INTERESTCOLLECTION.LIST>       </INTERESTCOLLECTION.LIST>
       <OLDAUDITENTRIES.LIST>       </OLDAUDITENTRIES.LIST>
       <ACCOUNTAUDITENTRIES.LIST>       </ACCOUNTAUDITENTRIES.LIST>
       <AUDITENTRIES.LIST>       </AUDITENTRIES.LIST>
       <INPUTCRALLOCS.LIST>       </INPUTCRALLOCS.LIST>
       <DUTYHEADDETAILS.LIST>       </DUTYHEADDETAILS.LIST>
       <EXCISEDUTYHEADDETAILS.LIST>       </EXCISEDUTYHEADDETAILS.LIST>
       <RATEDETAILS.LIST>       </RATEDETAILS.LIST>
       <SUMMARYALLOCS.LIST>       </SUMMARYALLOCS.LIST>
       <STPYMTDETAILS.LIST>       </STPYMTDETAILS.LIST>
       <EXCISEPAYMENTALLOCATIONS.LIST>       </EXCISEPAYMENTALLOCATIONS.LIST>
       <TAXBILLALLOCATIONS.LIST>       </TAXBILLALLOCATIONS.LIST>
       <TAXOBJECTALLOCATIONS.LIST>       </TAXOBJECTALLOCATIONS.LIST>
       <TDSEXPENSEALLOCATIONS.LIST>       </TDSEXPENSEALLOCATIONS.LIST>
       <VATSTATUTORYDETAILS.LIST>       </VATSTATUTORYDETAILS.LIST>
       <COSTTRACKALLOCATIONS.LIST>       </COSTTRACKALLOCATIONS.LIST>
       <REFVOUCHERDETAILS.LIST>       </REFVOUCHERDETAILS.LIST>
       <INVOICEWISEDETAILS.LIST>       </INVOICEWISEDETAILS.LIST>
       <VATITCDETAILS.LIST>       </VATITCDETAILS.LIST>
       <ADVANCETAXDETAILS.LIST>       </ADVANCETAXDETAILS.LIST>
      </ALLLEDGERENTRIES.LIST>
      <PAYROLLMODEOFPAYMENT.LIST>      </PAYROLLMODEOFPAYMENT.LIST>
      <ATTDRECORDS.LIST>      </ATTDRECORDS.LIST>
      <GSTEWAYCONSIGNORADDRESS.LIST>      </GSTEWAYCONSIGNORADDRESS.LIST>
      <GSTEWAYCONSIGNEEADDRESS.LIST>      </GSTEWAYCONSIGNEEADDRESS.LIST>
      <TEMPGSTRATEDETAILS.LIST>      </TEMPGSTRATEDETAILS.LIST>
     </VOUCHER>
    </TALLYMESSAGE>
    <TALLYMESSAGE xmlns:UDF="TallyUDF">
     <VOUCHER REMOTEID="9987e5b6-c5a4-486f-8ce0-807a06d6dc8c-0000000b" VCHKEY="9987e5b6-c5a4-486f-8ce0-807a06d6dc8c-0000ae84:00000008" VCHTYPE="Payment" ACTION="Create" OBJVIEW="Accounting Voucher View">
      <OLDAUDITENTRYIDS.LIST TYPE="Number">
       <OLDAUDITENTRYIDS>-1</OLDAUDITENTRYIDS>
      </OLDAUDITENTRYIDS.LIST>
      <DATE>20220426</DATE>
      <GUID>9987e5b6-c5a4-486f-8ce0-807a06d6dc8c-0000000b</GUID>
      <NARRATION>05/22-31</NARRATION>
      <VOUCHERTYPENAME>Payment</VOUCHERTYPENAME>
      <VOUCHERNUMBER>1</VOUCHERNUMBER>
      <PARTYLEDGERNAME>Anant Defence Systems Pvt.Ltd.</PARTYLEDGERNAME>
      <CSTFORMISSUETYPE/>
      <CSTFORMRECVTYPE/>
      <FBTPAYMENTTYPE>Default</FBTPAYMENTTYPE>
      <PERSISTEDVIEW>Accounting Voucher View</PERSISTEDVIEW>
      <VCHGSTCLASS/>
      <DIFFACTUALQTY>No</DIFFACTUALQTY>
      <ISMSTFROMSYNC>No</ISMSTFROMSYNC>
      <ASORIGINAL>No</ASORIGINAL>
      <AUDITED>No</AUDITED>
      <FORJOBCOSTING>No</FORJOBCOSTING>
      <ISOPTIONAL>No</ISOPTIONAL>
      <EFFECTIVEDATE>20220426</EFFECTIVEDATE>
      <USEFOREXCISE>No</USEFOREXCISE>
      <ISFORJOBWORKIN>No</ISFORJOBWORKIN>
      <ALLOWCONSUMPTION>No</ALLOWCONSUMPTION>
      <USEFORINTEREST>No</USEFORINTEREST>
      <USEFORGAINLOSS>No</USEFORGAINLOSS>
      <USEFORGODOWNTRANSFER>No</USEFORGODOWNTRANSFER>
      <USEFORCOMPOUND>No</USEFORCOMPOUND>
      <USEFORSERVICETAX>No</USEFORSERVICETAX>
      <ISEXCISEVOUCHER>No</ISEXCISEVOUCHER>
      <EXCISETAXOVERRIDE>No</EXCISETAXOVERRIDE>
      <USEFORTAXUNITTRANSFER>No</USEFORTAXUNITTRANSFER>
      <IGNOREPOSVALIDATION>No</IGNOREPOSVALIDATION>
      <EXCISEOPENING>No</EXCISEOPENING>
      <USEFORFINALPRODUCTION>No</USEFORFINALPRODUCTION>
      <ISTDSOVERRIDDEN>No</ISTDSOVERRIDDEN>
      <ISTCSOVERRIDDEN>No</ISTCSOVERRIDDEN>
      <ISTDSTCSCASHVCH>No</ISTDSTCSCASHVCH>
      <INCLUDEADVPYMTVCH>No</INCLUDEADVPYMTVCH>
      <ISSUBWORKSCONTRACT>No</ISSUBWORKSCONTRACT>
      <ISVATOVERRIDDEN>No</ISVATOVERRIDDEN>
      <IGNOREORIGVCHDATE>No</IGNOREORIGVCHDATE>
      <ISVATPAIDATCUSTOMS>No</ISVATPAIDATCUSTOMS>
      <ISDECLAREDTOCUSTOMS>No</ISDECLAREDTOCUSTOMS>
      <ISSERVICETAXOVERRIDDEN>No</ISSERVICETAXOVERRIDDEN>
      <ISISDVOUCHER>No</ISISDVOUCHER>
      <ISEXCISEOVERRIDDEN>No</ISEXCISEOVERRIDDEN>
      <ISEXCISESUPPLYVCH>No</ISEXCISESUPPLYVCH>
      <ISGSTOVERRIDDEN>No</ISGSTOVERRIDDEN>
      <GSTNOTEXPORTED>No</GSTNOTEXPORTED>
      <IGNOREGSTINVALIDATION>No</IGNOREGSTINVALIDATION>
      <ISVATPRINCIPALACCOUNT>No</ISVATPRINCIPALACCOUNT>
      <ISBOENOTAPPLICABLE>No</ISBOENOTAPPLICABLE>
      <ISSHIPPINGWITHINSTATE>No</ISSHIPPINGWITHINSTATE>
      <ISOVERSEASTOURISTTRANS>No</ISOVERSEASTOURISTTRANS>
      <ISDESIGNATEDZONEPARTY>No</ISDESIGNATEDZONEPARTY>
      <ISCANCELLED>No</ISCANCELLED>
      <HASCASHFLOW>Yes</HASCASHFLOW>
      <ISPOSTDATED>No</ISPOSTDATED>
      <USETRACKINGNUMBER>No</USETRACKINGNUMBER>
      <ISINVOICE>No</ISINVOICE>
      <MFGJOURNAL>No</MFGJOURNAL>
      <HASDISCOUNTS>No</HASDISCOUNTS>
      <ASPAYSLIP>No</ASPAYSLIP>
      <ISCOSTCENTRE>No</ISCOSTCENTRE>
      <ISSTXNONREALIZEDVCH>No</ISSTXNONREALIZEDVCH>
      <ISEXCISEMANUFACTURERON>No</ISEXCISEMANUFACTURERON>
      <ISBLANKCHEQUE>No</ISBLANKCHEQUE>
      <ISVOID>No</ISVOID>
      <ISONHOLD>No</ISONHOLD>
      <ORDERLINESTATUS>No</ORDERLINESTATUS>
      <VATISAGNSTCANCSALES>No</VATISAGNSTCANCSALES>
      <VATISPURCEXEMPTED>No</VATISPURCEXEMPTED>
      <ISVATRESTAXINVOICE>No</ISVATRESTAXINVOICE>
      <VATISASSESABLECALCVCH>No</VATISASSESABLECALCVCH>
      <ISVATDUTYPAID>Yes</ISVATDUTYPAID>
      <ISDELIVERYSAMEASCONSIGNEE>No</ISDELIVERYSAMEASCONSIGNEE>
      <ISDISPATCHSAMEASCONSIGNOR>No</ISDISPATCHSAMEASCONSIGNOR>
      <ISDELETED>No</ISDELETED>
      <CHANGEVCHMODE>No</CHANGEVCHMODE>
      <ALTERID> 12</ALTERID>
      <MASTERID> 11</MASTERID>
      <VOUCHERKEY>191881958916104</VOUCHERKEY>
      <EXCLUDEDTAXATIONS.LIST>      </EXCLUDEDTAXATIONS.LIST>
      <OLDAUDITENTRIES.LIST>      </OLDAUDITENTRIES.LIST>
      <ACCOUNTAUDITENTRIES.LIST>      </ACCOUNTAUDITENTRIES.LIST>
      <AUDITENTRIES.LIST>      </AUDITENTRIES.LIST>
      <DUTYHEADDETAILS.LIST>      </DUTYHEADDETAILS.LIST>
      <SUPPLEMENTARYDUTYHEADDETAILS.LIST>      </SUPPLEMENTARYDUTYHEADDETAILS.LIST>
      <EWAYBILLDETAILS.LIST>      </EWAYBILLDETAILS.LIST>
      <INVOICEDELNOTES.LIST>      </INVOICEDELNOTES.LIST>
      <INVOICEORDERLIST.LIST>      </INVOICEORDERLIST.LIST>
      <INVOICEINDENTLIST.LIST>      </INVOICEINDENTLIST.LIST>
      <ATTENDANCEENTRIES.LIST>      </ATTENDANCEENTRIES.LIST>
      <ORIGINVOICEDETAILS.LIST>      </ORIGINVOICEDETAILS.LIST>
      <INVOICEEXPORTLIST.LIST>      </INVOICEEXPORTLIST.LIST>
      <ALLLEDGERENTRIES.LIST>
       <OLDAUDITENTRYIDS.LIST TYPE="Number">
        <OLDAUDITENTRYIDS>-1</OLDAUDITENTRYIDS>
       </OLDAUDITENTRYIDS.LIST>
       <LEDGERNAME>Anant Defence Systems Pvt.Ltd.</LEDGERNAME>
       <GSTCLASS/>
       <ISDEEMEDPOSITIVE>Yes</ISDEEMEDPOSITIVE>
       <LEDGERFROMITEM>No</LEDGERFROMITEM>
       <REMOVEZEROENTRIES>No</REMOVEZEROENTRIES>
       <ISPARTYLEDGER>Yes</ISPARTYLEDGER>
       <ISLASTDEEMEDPOSITIVE>Yes</ISLASTDEEMEDPOSITIVE>
       <ISCAPVATTAXALTERED>No</ISCAPVATTAXALTERED>
       <ISCAPVATNOTCLAIMED>No</ISCAPVATNOTCLAIMED>
       <AMOUNT>-500.00</AMOUNT>
       <VATEXPAMOUNT>-500.00</VATEXPAMOUNT>
       <SERVICETAXDETAILS.LIST>       </SERVICETAXDETAILS.LIST>
       <BANKALLOCATIONS.LIST>       </BANKALLOCATIONS.LIST>
       <BILLALLOCATIONS.LIST>       </BILLALLOCATIONS.LIST>
       <INTERESTCOLLECTION.LIST>       </INTERESTCOLLECTION.LIST>
       <OLDAUDITENTRIES.LIST>       </OLDAUDITENTRIES.LIST>
       <ACCOUNTAUDITENTRIES.LIST>       </ACCOUNTAUDITENTRIES.LIST>
       <AUDITENTRIES.LIST>       </AUDITENTRIES.LIST>
       <INPUTCRALLOCS.LIST>       </INPUTCRALLOCS.LIST>
       <DUTYHEADDETAILS.LIST>       </DUTYHEADDETAILS.LIST>
       <EXCISEDUTYHEADDETAILS.LIST>       </EXCISEDUTYHEADDETAILS.LIST>
       <RATEDETAILS.LIST>       </RATEDETAILS.LIST>
       <SUMMARYALLOCS.LIST>       </SUMMARYALLOCS.LIST>
       <STPYMTDETAILS.LIST>       </STPYMTDETAILS.LIST>
       <EXCISEPAYMENTALLOCATIONS.LIST>       </EXCISEPAYMENTALLOCATIONS.LIST>
       <TAXBILLALLOCATIONS.LIST>       </TAXBILLALLOCATIONS.LIST>
       <TAXOBJECTALLOCATIONS.LIST>       </TAXOBJECTALLOCATIONS.LIST>
       <TDSEXPENSEALLOCATIONS.LIST>       </TDSEXPENSEALLOCATIONS.LIST>
       <VATSTATUTORYDETAILS.LIST>       </VATSTATUTORYDETAILS.LIST>
       <COSTTRACKALLOCATIONS.LIST>       </COSTTRACKALLOCATIONS.LIST>
       <REFVOUCHERDETAILS.LIST>       </REFVOUCHERDETAILS.LIST>
       <INVOICEWISEDETAILS.LIST>       </INVOICEWISEDETAILS.LIST>
       <VATITCDETAILS.LIST>       </VATITCDETAILS.LIST>
       <ADVANCETAXDETAILS.LIST>       </ADVANCETAXDETAILS.LIST>
      </ALLLEDGERENTRIES.LIST>
      <ALLLEDGERENTRIES.LIST>
       <OLDAUDITENTRYIDS.LIST TYPE="Number">
        <OLDAUDITENTRYIDS>-1</OLDAUDITENTRYIDS>
       </OLDAUDITENTRYIDS.LIST>
       <LEDGERNAME>Society for Innovation</LEDGERNAME>
       <GSTCLASS/>
       <ISDEEMEDPOSITIVE>Yes</ISDEEMEDPOSITIVE>
       <LEDGERFROMITEM>No</LEDGERFROMITEM>
       <REMOVEZEROENTRIES>No</REMOVEZEROENTRIES>
       <ISPARTYLEDGER>Yes</ISPARTYLEDGER>
       <ISLASTDEEMEDPOSITIVE>Yes</ISLASTDEEMEDPOSITIVE>
       <ISCAPVATTAXALTERED>No</ISCAPVATTAXALTERED>
       <ISCAPVATNOTCLAIMED>No</ISCAPVATNOTCLAIMED>
       <AMOUNT>-500.00</AMOUNT>
       <VATEXPAMOUNT>-500.00</VATEXPAMOUNT>
       <SERVICETAXDETAILS.LIST>       </SERVICETAXDETAILS.LIST>
       <BANKALLOCATIONS.LIST>       </BANKALLOCATIONS.LIST>
       <BILLALLOCATIONS.LIST>       </BILLALLOCATIONS.LIST>
       <INTERESTCOLLECTION.LIST>       </INTERESTCOLLECTION.LIST>
       <OLDAUDITENTRIES.LIST>       </OLDAUDITENTRIES.LIST>
       <ACCOUNTAUDITENTRIES.LIST>       </ACCOUNTAUDITENTRIES.LIST>
       <AUDITENTRIES.LIST>       </AUDITENTRIES.LIST>
       <INPUTCRALLOCS.LIST>       </INPUTCRALLOCS.LIST>
       <DUTYHEADDETAILS.LIST>       </DUTYHEADDETAILS.LIST>
       <EXCISEDUTYHEADDETAILS.LIST>       </EXCISEDUTYHEADDETAILS.LIST>
       <RATEDETAILS.LIST>       </RATEDETAILS.LIST>
       <SUMMARYALLOCS.LIST>       </SUMMARYALLOCS.LIST>
       <STPYMTDETAILS.LIST>       </STPYMTDETAILS.LIST>
       <EXCISEPAYMENTALLOCATIONS.LIST>       </EXCISEPAYMENTALLOCATIONS.LIST>
       <TAXBILLALLOCATIONS.LIST>       </TAXBILLALLOCATIONS.LIST>
       <TAXOBJECTALLOCATIONS.LIST>       </TAXOBJECTALLOCATIONS.LIST>
       <TDSEXPENSEALLOCATIONS.LIST>       </TDSEXPENSEALLOCATIONS.LIST>
       <VATSTATUTORYDETAILS.LIST>       </VATSTATUTORYDETAILS.LIST>
       <COSTTRACKALLOCATIONS.LIST>       </COSTTRACKALLOCATIONS.LIST>
       <REFVOUCHERDETAILS.LIST>       </REFVOUCHERDETAILS.LIST>
       <INVOICEWISEDETAILS.LIST>       </INVOICEWISEDETAILS.LIST>
       <VATITCDETAILS.LIST>       </VATITCDETAILS.LIST>
       <ADVANCETAXDETAILS.LIST>       </ADVANCETAXDETAILS.LIST>
      </ALLLEDGERENTRIES.LIST>
      <ALLLEDGERENTRIES.LIST>
       <OLDAUDITENTRYIDS.LIST TYPE="Number">
        <OLDAUDITENTRYIDS>-1</OLDAUDITENTRYIDS>
       </OLDAUDITENTRYIDS.LIST>
       <LEDGERNAME>ICICI Bank</LEDGERNAME>
       <GSTCLASS/>
       <ISDEEMEDPOSITIVE>No</ISDEEMEDPOSITIVE>
       <LEDGERFROMITEM>No</LEDGERFROMITEM>
       <REMOVEZEROENTRIES>No</REMOVEZEROENTRIES>
       <ISPARTYLEDGER>Yes</ISPARTYLEDGER>
       <ISLASTDEEMEDPOSITIVE>No</ISLASTDEEMEDPOSITIVE>
       <ISCAPVATTAXALTERED>No</ISCAPVATTAXALTERED>
       <ISCAPVATNOTCLAIMED>No</ISCAPVATNOTCLAIMED>
       <AMOUNT>1000.00</AMOUNT>
       <VATEXPAMOUNT>1000.00</VATEXPAMOUNT>
       <SERVICETAXDETAILS.LIST>       </SERVICETAXDETAILS.LIST>
       <BANKALLOCATIONS.LIST>
        <DATE>20220426</DATE>
        <INSTRUMENTDATE>20220426</INSTRUMENTDATE>
        <NAME>f82275c8-1dfa-4737-9393-19a339296d17</NAME>
        <TRANSACTIONTYPE>Cheque</TRANSACTIONTYPE>
        <PAYMENTFAVOURING>Anant Defence Systems Pvt.Ltd.</PAYMENTFAVOURING>
        <CHEQUECROSSCOMMENT>A/c Payee</CHEQUECROSSCOMMENT>
        <UNIQUEREFERENCENUMBER>4ZlK6B1587GeePjm</UNIQUEREFERENCENUMBER>
        <STATUS>No</STATUS>
        <PAYMENTMODE>Transacted</PAYMENTMODE>
        <BANKPARTYNAME>Anant Defence Systems Pvt.Ltd.</BANKPARTYNAME>
        <ISCONNECTEDPAYMENT>No</ISCONNECTEDPAYMENT>
        <ISSPLIT>No</ISSPLIT>
        <ISCONTRACTUSED>No</ISCONTRACTUSED>
        <ISACCEPTEDWITHWARNING>No</ISACCEPTEDWITHWARNING>
        <ISTRANSFORCED>No</ISTRANSFORCED>
        <AMOUNT>1000.00</AMOUNT>
        <CONTRACTDETAILS.LIST>        </CONTRACTDETAILS.LIST>
        <BANKSTATUSINFO.LIST>        </BANKSTATUSINFO.LIST>
       </BANKALLOCATIONS.LIST>
       <BILLALLOCATIONS.LIST>       </BILLALLOCATIONS.LIST>
       <INTERESTCOLLECTION.LIST>       </INTERESTCOLLECTION.LIST>
       <OLDAUDITENTRIES.LIST>       </OLDAUDITENTRIES.LIST>
       <ACCOUNTAUDITENTRIES.LIST>       </ACCOUNTAUDITENTRIES.LIST>
       <AUDITENTRIES.LIST>       </AUDITENTRIES.LIST>
       <INPUTCRALLOCS.LIST>       </INPUTCRALLOCS.LIST>
       <DUTYHEADDETAILS.LIST>       </DUTYHEADDETAILS.LIST>
       <EXCISEDUTYHEADDETAILS.LIST>       </EXCISEDUTYHEADDETAILS.LIST>
       <RATEDETAILS.LIST>       </RATEDETAILS.LIST>
       <SUMMARYALLOCS.LIST>       </SUMMARYALLOCS.LIST>
       <STPYMTDETAILS.LIST>       </STPYMTDETAILS.LIST>
       <EXCISEPAYMENTALLOCATIONS.LIST>       </EXCISEPAYMENTALLOCATIONS.LIST>
       <TAXBILLALLOCATIONS.LIST>       </TAXBILLALLOCATIONS.LIST>
       <TAXOBJECTALLOCATIONS.LIST>       </TAXOBJECTALLOCATIONS.LIST>
       <TDSEXPENSEALLOCATIONS.LIST>       </TDSEXPENSEALLOCATIONS.LIST>
       <VATSTATUTORYDETAILS.LIST>       </VATSTATUTORYDETAILS.LIST>
       <COSTTRACKALLOCATIONS.LIST>       </COSTTRACKALLOCATIONS.LIST>
       <REFVOUCHERDETAILS.LIST>       </REFVOUCHERDETAILS.LIST>
       <INVOICEWISEDETAILS.LIST>       </INVOICEWISEDETAILS.LIST>
       <VATITCDETAILS.LIST>       </VATITCDETAILS.LIST>
       <ADVANCETAXDETAILS.LIST>       </ADVANCETAXDETAILS.LIST>
      </ALLLEDGERENTRIES.LIST>
      <PAYROLLMODEOFPAYMENT.LIST>      </PAYROLLMODEOFPAYMENT.LIST>
      <ATTDRECORDS.LIST>      </ATTDRECORDS.LIST>
      <GSTEWAYCONSIGNORADDRESS.LIST>      </GSTEWAYCONSIGNORADDRESS.LIST>
      <GSTEWAYCONSIGNEEADDRESS.LIST>      </GSTEWAYCONSIGNEEADDRESS.LIST>
      <TEMPGSTRATEDETAILS.LIST>      </TEMPGSTRATEDETAILS.LIST>
     </VOUCHER>
    </TALLYMESSAGE>
   </REQUESTDATA>
  </IMPORTDATA>
 </BODY>
</ENVELOPE>
